3242 4609
269 369 321 440 40
451 393 458 404 ·
521 331 642 414 ’ΒΧ
680 331 1057 414 ORI-GENE

272 509 369 596 tius,
394 493 725 594 nusquamsapiens
750 497 995 592 consiliarius,
1014 497 1188 594 nusquam
1204 498 1337 572 intelli&
1382 441 1386 542 ζ

298 625 361 680 ens
375 601 541 690 auditor,
567 599 689 672 omnia
705 598 848 672 abstulit
864 597 963 671 Deus
982 619 1001 670 a
1017 598 1136 693 Judaee
1151 598 1184 670 u
1198 596 1335 692 Jerusa-

272 627 357 780 fem.
384 691 499 774 set&
514 699 672 772 innubis
688 714 803 772 metus
823 697 873 770 est
886 699 1030 792 ingens,
1052 719 1099 771 ne
1113 697 1212 770 forte
1229 700 1337 772 etiam
1384 765 1387 778 ‚

273 803 382 880 nobis
396 800 576 874 immineat
595 798 717 873 fames.
767 797 976 872 sicutenim
991 799 1062 888 illi,
1080 798 1268 888 dequibus
1286 795 1339 868 su·

273 900 528 1000 prediximus,
555 897 708 996 legendo
726 899 841 993 legem
856 897 889 970 dt
902 918 978 971 non
997 896 1164 970 faciendo
1178 897 1340 970 insurre-

273 1002 414 1080 suntin
438 1001 544 1091 hoc,
558 1014 601 1069 ut
618 997 722 1070 verbi
736 995 807 1069 Dei
823 996 951 1070 famem
969 1006 1202 1090 paterentur,
1229 995 1338 1069 &¹au·

274 1101 458 1178 ferrentur
473 1101 518 1170 ab
532 1098 600 1186 illis
615 1096 734 1170 omnia
743 1094 814 1168 Dei
830 1097 946 1190 dona,
964 1118 1041 1189 quae
1058 1090 1160 1188 supra
1171 1096 1338 1189 diximus,

278 1199 532 1274 &mandatum
547 1197 599 1270 est
611 1197 766 1272 nubibus
780 1194 993 1293 (Prophetis
1010 1195 1164 1297 scilicet)
1183 1218 1230 1269 ne
1243 1198 1340 1290 plue·

275 1315 359 1373 rent
376 1297 480 1392 supet
497 1318 562 1370 eos
578 1298 737 1389 pluviam
749 1298 852 1370 verbi
862 1296 955 1387 Dei,
982 1297 1180 1370 verendum
1200 1294 1272 1386 est,
1292 1315 1340 1367 ne

277 1391 350 1472 talc
362 1402 466 1472 etiam
481 1397 625 1487 aliquod
633 1395 740 1469 nobis
755 1397 995 1494 correptionis
1008 1397 1196 1469 inducatur
1210 1415 1341 1491 genus:

181 1485 189 1510 ⁸
277 1499 337 1574 sed
356 1498 465 1593 magis
480 1495 671 1569 efficiamur
691 1517 768 1574 non
788 1497 971 1571 auditores
984 1498 1072 1592 legis
1086 1507 1253 1585 tantum,
1272 1493 1341 1566 led

278 1597 313 1674 dt
337 1595 516 1687 latiores,
542 1609 583 1666 ut
600 1596 754 1669 mandet
774 1595 954 1670 Dominus
973 1593 1236 1687 nubibus'luis,
1262 1613 1341 1666 non

277 1699 363 1787 uni,
389 1715 506 1787 neque
527 1692 687 1787 duabus,
721 1695 780 1768 sed
799 1697 979 1789 pluribus,
1006 1698 1130 1789 pluere
1153 1695 1256 1788 supet
1271 1713 1341 1766 nos

276 1797 460 1892 pluviam,
479 1806 521 1865 ut
536 1794 574 1867 in
590 1791 947 1889 EcclesiaProphetae
961 1797 1034 1870 duo
1047 1798 1191 1872 veltres
1206 1794 1342 1886 dicant,

278 1894 453 1970 &caeteri
477 1894 697 1968 examinent:
723 1896 758 1968 dt
780 1894 804 1968 fi
823 1893 960 1970 sedenti
983 1897 1183 1970 revelatum
1210 1891 1341 1986 luerit,

276 1996 381 2094 prior
407 2007 545 2083 taceat,
575 2009 616 2066 ut
641 1995 762 2086 plures
788 1991 878 2068 fiant
897 1994 1052 2090 operarii
1072 1992 1343 2069 inconfufibiles

278 2092 376 2169 selle
401 2091 591 2166 tradentes
606 2096 758 2167 verbum
774 2095 959 2187 veritatis,
985 2107 1028 2167 ut
1042 2094 1137 2168 dicat
1157 2093 1345 2183 unusquis·

234 2222 236 2225 >
281 2216 353 2284 qtle
365 2192 554 2265 doliorum
570 2192 884 2286 &predicantium
900 2196 1054 2269 verbum
1067 2193 1139 2268 Dei
1152 2192 1346 2266 secundum

278 2292 451 2368 Paulum}
486 2292 550 2386 Ego
560 2295 735 2394 plantavi,
762 2292 796 2365 dt
816 2295 877 2368 ille
894 2300 1041 2390 rigavit,
1062 2297 1116 2385 sed
1139 2297 1228 2365 Deus
1246 2299 1347 2362 incre·

279 2408 422 2465 mamam
439 2395 535 2466 dedit.
584 2393 673 2468 Haec
686 2409 805 2468 autem
819 2391 932 2488 fient,
956 2395 1090 2487 sinos,
1117 2395 1177 2485 qui
1191 2391 1368 2487 rigamus·

280 2493 496 2587 anubibus,
514 2493 547 2566 ἃ
564 2494 763 2567 audivimus
781 2495 935 2567 verbum
952 2489 1044 2585 Dei,
1071 2491 1260 2567 afferemus
1272 2490 1347 2564 fru-

281 2591 361 2667 dlus
377 2591 481 2687 illos,
510 2615 601 2685 quos
618 2609 803 2670 enumerat
818 2591 1039 2688 Apostolus,
1066 2592 1102 2666 id
1122 2592 1192 2683 est,
1212 2588 1347 2685 sanlius

277 2695 453 2792 spiritus,
474 2697 534 2784 qui
559 2693 639 2767 sunt
658 2697 825 2786 gaudium,
858 2696 1022 2779 claritas,
1049 2713 1136 2790 pax,
1163 2697 1347 2788 patientia,

283 2795 530 2887 longanimitas,
548 2793 581 2864 sa
600 2806 729 2864 cetera
741 2790 795 2864 his
808 2791 939 2867 fimilia.
968 2793 1073 2894 Quos
1084 2791 1219 2865 fruetus
1233 2792 1255 2861 li
1269 2810 1349 2863 mo·

281 2890 573 2982 ramurafferre,
599 2890 798 2965 verendum
819 2890 894 2984 est,
917 2912 965 2966 ne
985 2892 1173 2968 mandetur
1193 2891 1348 2964 nubibus

283 2991 471 3066 obstruere
490 3013 509 3061 a
532 2990 641 3062 nobis
659 2989 790 3063 imbres
816 2987 921 3082 suos,
948 2992 982 3064 dt
1000 2993 1148 3086 incipiat
1163 2991 1350 3081 unusquis·
1377 3043 1380 3050 -

282 3113 355 3184 que
376 3088 574 3165 sentiarum
601 3088 848 3183 facete-illud,
876 3092 975 3184 quod
996 3089 1163 3187 scriptum
1180 3088 1251 3164 est:
1275 3093 1348 3182 Qua·

282 3203 390 3264 autem
405 3193 568 3284 intelligit,
585 3193 772 3286 intempore
788 3191 975 3278 illasedelit,
991 3191 1029 3268 (5
1040 3192 1165 3269 tacebit,
1180 3196 1256 3287 quia
1271 3206 1351 3260 tem·

277 3313 341 3393 pus
361 3293 476 3362 malum
495 3291 544 3388 ιβ.
594 3289 667 3362 Sed
686 3289 880 3365 meminilie
898 3292 1067 3366 debemus
1084 3289 1247 3367 historiae
1261 3286 1350 3362 anti·

284 3412 439 3484 quorum
456 3392 500 3462 de
517 3389 619 3463 famis
636 3402 826 3486 tempore,
842 3392 1029 3483 quomodo
1037 3390 1196 3486 justusin
1210 3406 1351 3482 tempo·

285 3490 447 3564 resumis
468 3488 653 3564 saturatur.
693 3489 926 3564 Conveniens
940 3507 1031 3584 puto
1043 3491 1154 3565 fames
1172 3504 1249 3563 erat
1263 3504 1351 3562 tem·

285 3591 440 3691 poribus
462 3588 548 3664 Elias
568 3589 779 3688 prophete,
813 3589 957 3681 quando
981 3587 1134 3664 clausum
1152 3589 1202 3664 est
1223 3590 1352 3663 coelum

286 3692 386 3764 annis
411 3691 525 3762 tribus
543 3689 577 3761 dc
596 3689 772 3778 mensibus
792 3687 864 3764 sex.
923 3687 974 3764 Et
990 3705 1077 3763 tunc
1100 3690 1256 3784 populus
1277 3688 1352 3779 qtai·

285 3789 367 3865 dem
383 3791 652 3884 periclitabatur
666 3788 781 3882 ieme,
808 3782 977 3862 sedElia's
994 3811 1069 3864 non
1088 3790 1290 3885 patiebatur
1302 3786 1353 3860 fa·

285 3913 393 3972 mem,
445 3887 494 3961 Et
506 3905 595 3962 tune
613 3889 755 3978 quidem
773 3887 984 3982 pascebatur
995 3893 1039 3963 ab
1054 3888 1224 3986 Angelo,
1244 3909 1352 3980 quan·

222 4013 228 4032 ¹
285 3989 335 4067 do
360 3990 393 4070 s
418 3989 508 4067 abiit
528 3991 566 4067 in
591 3989 730 4078 vittate
752 3987 978 4094 esseillius,
1012 3988 1255 4162 ἀρεηηὲιιίις
1270 4009 1352 4079 que·

305 4103 310 4114 ’
368 4147 372 4152 .
790 4145 793 4149 .
836 4105 838 4110 ·
1185 4109 1299 4187 tagin-
