<?xml version="1.0" encoding="UTF-8"?>
<!DOCTYPE html PUBLIC "-//W3C//DTD XHTML 1.0 Transitional//EN"
    "http://www.w3.org/TR/xhtml1/DTD/xhtml1-transitional.dtd">
<html xmlns="http://www.w3.org/1999/xhtml" xml:lang="en" lang="en">
 <head>
  <title>
</title>
<meta http-equiv="Content-Type" content="text/html;charset=utf-8" />
  <meta name='ocr-system' content='tesseract 3.04.00' />
  <meta name='ocr-capabilities' content='ocr_page ocr_carea ocr_par ocr_line ocrx_word'/>
</head>
<body>
  <div class='ocr_page' id='page_1' title='image "./operaomniasanct00unkngoog_0083.png"; bbox 0 0 3242 4609; ppageno 0'>
   <div class='ocr_carea' id='block_1_1' title="bbox 267 263 1372 570">
    <p class='ocr_par' dir='ltr' id='par_1_1' title="bbox 267 263 1372 570">
     <span class='ocr_line' id='line_1_1' title="bbox 448 263 1372 432; baseline 0 -44"><span class='ocrx_word' id='word_1_1' title='bbox 448 307 732 388; x_wconf 74' lang='lat' dir='ltr'>srrunc‘ra</span> <span class='ocrx_word' id='word_1_2' title='bbox 756 263 1143 402; x_wconf 65' lang='lat' dir='ltr'>inessemus.</span> <span class='ocrx_word' id='word_1_3' title='bbox 1277 337 1329 418; x_wconf 76' lang='lat'>⁴⁹</span> <span class='ocrx_word' id='word_1_4' title='bbox 1369 419 1372 432; x_wconf 28' lang='grc' dir='ltr'>Ι</span> 
     </span>
     <span class='ocr_line' id='line_1_2' title="bbox 267 473 1327 570; baseline 0.001 -20"><span class='ocrx_word' id='word_1_5' title='bbox 267 474 413 568; x_wconf 79' lang='lat' dir='ltr'>aliquos</span> <span class='ocrx_word' id='word_1_6' title='bbox 429 491 588 548; x_wconf 78' lang='lat' dir='ltr'>errorest</span> <span class='ocrx_word' id='word_1_7' title='bbox 615 487 658 547; x_wconf 91' lang='lat' dir='ltr'>ut</span> <span class='ocrx_word' id='word_1_8' title='bbox 673 476 744 560; x_wconf 87' lang='lat' dir='ltr'>illi,</span> <span class='ocrx_word' id='word_1_9' title='bbox 770 476 829 567; x_wconf 86' lang='lat' dir='ltr'>qui</span> <span class='ocrx_word' id='word_1_10' title='bbox 844 473 1139 570; x_wconf 80' lang='lat' dir='ltr'>inphilosophiae</span> <span class='ocrx_word' id='word_1_11' title='bbox 1153 473 1327 551; x_wconf 77' lang='lat' dir='ltr'>emditio·</span> 
     </span>
    </p>
   </div>
   <div class='ocr_carea' id='block_1_2' title="bbox 242 571 1422 3250">
    <p class='ocr_par' dir='ltr' id='par_1_2' title="bbox 242 571 1422 3250">
     <span class='ocr_line' id='line_1_3' title="bbox 268 571 1327 674; baseline -0.001 -25"><span class='ocrx_word' id='word_1_12' title='bbox 268 571 540 656; x_wconf 84' lang='lat' dir='ltr'>neversantur,</span> <span class='ocrx_word' id='word_1_13' title='bbox 552 609 554 614; x_wconf 56' lang='lat'>&gt;</span> <span class='ocrx_word' id='word_1_14' title='bbox 565 575 736 648; x_wconf 88' lang='lat' dir='ltr'>videntur</span> <span class='ocrx_word' id='word_1_15' title='bbox 751 575 893 666; x_wconf 83' lang='lat' dir='ltr'>quidem</span> <span class='ocrx_word' id='word_1_16' title='bbox 906 580 974 648; x_wconf 90' lang='lat' dir='ltr'>iter</span> <span class='ocrx_word' id='word_1_17' title='bbox 988 577 1130 650; x_wconf 87' lang='lat' dir='ltr'>virtutis</span> <span class='ocrx_word' id='word_1_18' title='bbox 1141 575 1327 674; x_wconf 80' lang='lat' dir='ltr'>incedere,</span> 
     </span>
     <span class='ocr_line' id='line_1_4' title="bbox 266 671 1326 771; baseline 0 -23"><span class='ocrx_word' id='word_1_19' title='bbox 266 671 333 748; x_wconf 81' lang='lat' dir='ltr'>sed</span> <span class='ocrx_word' id='word_1_20' title='bbox 347 674 464 765; x_wconf 77' lang='lat' dir='ltr'>quiae</span> <span class='ocrx_word' id='word_1_21' title='bbox 477 671 643 746; x_wconf 89' lang='lat' dir='ltr'>Domino</span> <span class='ocrx_word' id='word_1_22' title='bbox 657 693 735 748; x_wconf 91' lang='lat' dir='ltr'>non</span> <span class='ocrx_word' id='word_1_23' title='bbox 745 671 1078 771; x_wconf 82' lang='lat' dir='ltr'>dirigunturgreffus</span> <span class='ocrx_word' id='word_1_24' title='bbox 1090 683 1229 754; x_wconf 78' lang='lat' dir='ltr'>eorum,</span> <span class='ocrx_word' id='word_1_25' title='bbox 1246 679 1326 762; x_wconf 76' lang='lat' dir='ltr'>non¹</span> 
     </span>
     <span class='ocr_line' id='line_1_5' title="bbox 268 769 1366 856; baseline 0 -11"><span class='ocrx_word' id='word_1_26' title='bbox 268 786 403 846; x_wconf 88' lang='lat' dir='ltr'>tenent</span> <span class='ocrx_word' id='word_1_27' title='bbox 423 773 493 844; x_wconf 87' lang='lat' dir='ltr'>iter</span> <span class='ocrx_word' id='word_1_28' title='bbox 508 769 653 848; x_wconf 73' lang='lat' dir='ltr'>redium.</span> <span class='ocrx_word' id='word_1_29' title='bbox 703 773 774 845; x_wconf 85' lang='lat' dir='ltr'>Sed</span> <span class='ocrx_word' id='word_1_30' title='bbox 795 775 828 845; x_wconf 80' lang='lat' dir='ltr'>dt</span> <span class='ocrx_word' id='word_1_31' title='bbox 849 775 1009 846; x_wconf 78' lang='lat' dir='ltr'>heretici</span> <span class='ocrx_word' id='word_1_32' title='bbox 1024 776 1257 856; x_wconf 89' lang='lat' dir='ltr'>nihilominus</span> <span class='ocrx_word' id='word_1_33' title='bbox 1272 781 1326 852; x_wconf 89' lang='lat' dir='ltr'>in·</span> <span class='ocrx_word' id='word_1_34' title='bbox 1364 830 1366 845; x_wconf 82' lang='grc'>,</span> 
     </span>
     <span class='ocr_line' id='line_1_6' title="bbox 265 869 1422 969; baseline 0.004 -26"><span class='ocrx_word' id='word_1_35' title='bbox 265 872 480 969; x_wconf 84' lang='lat' dir='ltr'>grediuntur</span> <span class='ocrx_word' id='word_1_36' title='bbox 496 873 603 944; x_wconf 90' lang='lat' dir='ltr'>etiam</span> <span class='ocrx_word' id='word_1_37' title='bbox 618 869 680 966; x_wconf 82' lang='lat' dir='ltr'>ipli</span> <span class='ocrx_word' id='word_1_38' title='bbox 698 873 793 964; x_wconf 90' lang='lat' dir='ltr'>iter,</span> <span class='ocrx_word' id='word_1_39' title='bbox 820 871 879 946; x_wconf 89' lang='lat' dir='ltr'>sed</span> <span class='ocrx_word' id='word_1_40' title='bbox 894 893 975 948; x_wconf 89' lang='lat' dir='ltr'>cum</span> <span class='ocrx_word' id='word_1_41' title='bbox 997 873 1184 965; x_wconf 84' lang='lat' dir='ltr'>scripturas</span> <span class='ocrx_word' id='word_1_42' title='bbox 1206 895 1328 966; x_wconf 65' lang='lat' dir='ltr'>carne·</span> <span class='ocrx_word' id='word_1_43' title='bbox 1419 875 1422 880; x_wconf 84' lang='lat'>&#39;</span> 
     </span>
     <span class='ocr_line' id='line_1_7' title="bbox 265 968 1327 1067; baseline 0.006 -23"><span class='ocrx_word' id='word_1_44' title='bbox 265 974 377 1056; x_wconf 88' lang='lat' dir='ltr'>liter,</span> <span class='ocrx_word' id='word_1_45' title='bbox 402 990 481 1050; x_wconf 85' lang='lat' dir='ltr'>non</span> <span class='ocrx_word' id='word_1_46' title='bbox 503 968 703 1064; x_wconf 81' lang='lat' dir='ltr'>spiritaliter</span> <span class='ocrx_word' id='word_1_47' title='bbox 714 971 948 1067; x_wconf 83' lang='lat' dir='ltr'>intelligunt,</span> <span class='ocrx_word' id='word_1_48' title='bbox 987 972 1171 1066; x_wconf 80' lang='lat' dir='ltr'>declinant¹</span> <span class='ocrx_word' id='word_1_49' title='bbox 1186 976 1222 1046; x_wconf 92' lang='lat' dir='ltr'>in</span> <span class='ocrx_word' id='word_1_50' title='bbox 1248 974 1327 1060; x_wconf 85' lang='lat' dir='ltr'>lini·</span> 
     </span>
     <span class='ocr_line' id='line_1_8' title="bbox 267 1067 1327 1166; baseline 0.001 -23"><span class='ocrx_word' id='word_1_51' title='bbox 267 1067 386 1146; x_wconf 82' lang='lat' dir='ltr'>stram.</span> <span class='ocrx_word' id='word_1_52' title='bbox 437 1068 474 1141; x_wconf 83' lang='lat' dir='ltr'>Si</span> <span class='ocrx_word' id='word_1_53' title='bbox 488 1089 581 1143; x_wconf 88' lang='lat' dir='ltr'>vero</span> <span class='ocrx_word' id='word_1_54' title='bbox 597 1071 797 1164; x_wconf 77' lang='lat' dir='ltr'>spiritaliter</span> <span class='ocrx_word' id='word_1_55' title='bbox 813 1073 1033 1166; x_wconf 84' lang='lat' dir='ltr'>intelligant,</span> <span class='ocrx_word' id='word_1_56' title='bbox 1058 1070 1188 1165; x_wconf 89' lang='lat' dir='ltr'>inipso</span> <span class='ocrx_word' id='word_1_57' title='bbox 1207 1087 1327 1154; x_wconf 87' lang='lat' dir='ltr'>autem</span> 
     </span>
     <span class='ocr_line' id='line_1_9' title="bbox 267 1165 1327 1266; baseline 0.007 -24"><span class='ocrx_word' id='word_1_58' title='bbox 267 1168 415 1263; x_wconf 82' lang='lat' dir='ltr'>spiritali</span> <span class='ocrx_word' id='word_1_59' title='bbox 439 1165 626 1242; x_wconf 77' lang='lat' dir='ltr'>intelledtu</span> <span class='ocrx_word' id='word_1_60' title='bbox 648 1168 855 1266; x_wconf 80' lang='lat' dir='ltr'>apostolice</span> <span class='ocrx_word' id='word_1_61' title='bbox 889 1191 967 1244; x_wconf 91' lang='lat' dir='ltr'>non</span> <span class='ocrx_word' id='word_1_62' title='bbox 993 1182 1144 1260; x_wconf 78' lang='lat' dir='ltr'>teneant</span> <span class='ocrx_word' id='word_1_63' title='bbox 1167 1176 1327 1266; x_wconf 85' lang='lat' dir='ltr'>regulam</span> 
     </span>
     <span class='ocr_line' id='line_1_10' title="bbox 267 1267 1372 1366; baseline 0.005 -26"><span class='ocrx_word' id='word_1_64' title='bbox 267 1267 458 1344; x_wconf 83' lang='lat' dir='ltr'>veritatis,</span> <span class='ocrx_word' id='word_1_65' title='bbox 483 1267 656 1356; x_wconf 86' lang='lat' dir='ltr'>decidunt</span> <span class='ocrx_word' id='word_1_66' title='bbox 669 1269 952 1344; x_wconf 84' lang='lat' dir='ltr'>nihilominus&amp;</span> <span class='ocrx_word' id='word_1_67' title='bbox 973 1269 1037 1363; x_wconf 82' lang='lat' dir='ltr'>ipsa</span> <span class='ocrx_word' id='word_1_68' title='bbox 1061 1268 1326 1366; x_wconf 64' lang='lat' dir='ltr'>addemnatur,</span> <span class='ocrx_word' id='word_1_69' title='bbox 1367 1326 1372 1334; x_wconf 78' lang='lat'><em>·</em></span> 
     </span>
     <span class='ocr_line' id='line_1_11' title="bbox 267 1362 1391 1468; baseline -0.004 -28"><span class='ocrx_word' id='word_1_70' title='bbox 267 1368 417 1440; x_wconf 91' lang='lat' dir='ltr'>diabolo</span> <span class='ocrx_word' id='word_1_71' title='bbox 436 1362 498 1462; x_wconf 88' lang='lat' dir='ltr'>(ut</span> <span class='ocrx_word' id='word_1_72' title='bbox 509 1369 559 1439; x_wconf 91' lang='lat' dir='ltr'>ita</span> <span class='ocrx_word' id='word_1_73' title='bbox 576 1365 746 1464; x_wconf 87' lang='lat' dir='ltr'>dixerim)</span> <span class='ocrx_word' id='word_1_74' title='bbox 755 1367 886 1460; x_wconf 73' lang='lat' dir='ltr'>gress&#39;us</span> <span class='ocrx_word' id='word_1_75' title='bbox 904 1388 1030 1442; x_wconf 89' lang='lat' dir='ltr'>eorum</span> <span class='ocrx_word' id='word_1_76' title='bbox 1044 1387 1120 1440; x_wconf 89' lang='lat' dir='ltr'>non</span> <span class='ocrx_word' id='word_1_77' title='bbox 1137 1369 1328 1468; x_wconf 80' lang='lat' dir='ltr'>dirigente,</span> <span class='ocrx_word' id='word_1_78' title='bbox 1388 1427 1391 1435; x_wconf 93' lang='grc'><em>,</em></span> 
     </span>
     <span class='ocr_line' id='line_1_12' title="bbox 262 1465 1328 1564; baseline 0.002 -24"><span class='ocrx_word' id='word_1_79' title='bbox 262 1465 331 1540; x_wconf 91' lang='lat' dir='ltr'>&#39;sed</span> <span class='ocrx_word' id='word_1_80' title='bbox 346 1470 587 1556; x_wconf 86' lang='lat' dir='ltr'>detorquente</span> <span class='ocrx_word' id='word_1_81' title='bbox 604 1488 623 1538; x_wconf 85' lang='lat' dir='ltr'>a</span> <span class='ocrx_word' id='word_1_82' title='bbox 640 1467 813 1541; x_wconf 74' lang='lat' dir='ltr'>viarecta.</span> <span class='ocrx_word' id='word_1_83' title='bbox 840 1468 922 1540; x_wconf 89' lang='lat' dir='ltr'>Nos</span> <span class='ocrx_word' id='word_1_84' title='bbox 938 1488 1025 1564; x_wconf 88' lang='lat' dir='ltr'>ergo</span> <span class='ocrx_word' id='word_1_85' title='bbox 1043 1487 1166 1558; x_wconf 79' lang='lat' dir='ltr'>neque¹</span> <span class='ocrx_word' id='word_1_86' title='bbox 1181 1469 1224 1560; x_wconf 81' lang='lat' dir='ltr'>ed</span> <span class='ocrx_word' id='word_1_87' title='bbox 1239 1470 1328 1542; x_wconf 82' lang='lat' dir='ltr'>dex·</span> 
     </span>
     <span class='ocr_line' id='line_1_13' title="bbox 267 1565 1329 1663; baseline 0.003 -24"><span class='ocrx_word' id='word_1_88' title='bbox 267 1579 407 1655; x_wconf 79' lang='lat' dir='ltr'>teram,</span> <span class='ocrx_word' id='word_1_89' title='bbox 432 1585 551 1656; x_wconf 89' lang='lat' dir='ltr'>neque</span> <span class='ocrx_word' id='word_1_90' title='bbox 571 1567 615 1639; x_wconf 93' lang='lat' dir='ltr'>ad</span> <span class='ocrx_word' id='word_1_91' title='bbox 629 1565 796 1640; x_wconf 81' lang='lat' dir='ltr'>sinistram</span> <span class='ocrx_word' id='word_1_92' title='bbox 818 1566 1063 1655; x_wconf 87' lang='lat' dir='ltr'>declinantes,</span> <span class='ocrx_word' id='word_1_93' title='bbox 1088 1566 1329 1663; x_wconf 77' lang='lat' dir='ltr'>ingrediemur</span> 
     </span>
     <span class='ocr_line' id='line_1_14' title="bbox 242 1663 1327 1759; baseline 0.001 -19"><span class='ocrx_word' id='word_1_94' title='bbox 242 1667 424 1745; x_wconf 79' lang='lat' dir='ltr'>,mediam</span> <span class='ocrx_word' id='word_1_95' title='bbox 449 1667 569 1755; x_wconf 77' lang='lat' dir='ltr'>mam,</span> <span class='ocrx_word' id='word_1_96' title='bbox 603 1683 682 1757; x_wconf 81' lang='lat' dir='ltr'>quae</span> <span class='ocrx_word' id='word_1_97' title='bbox 701 1663 752 1748; x_wconf 87' lang='lat' dir='ltr'>est</span> <span class='ocrx_word' id='word_1_98' title='bbox 769 1665 934 1745; x_wconf 83' lang='lat' dir='ltr'>Christus·</span> <span class='ocrx_word' id='word_1_99' title='bbox 945 1666 1150 1759; x_wconf 87' lang='lat' dir='ltr'>Dominus,</span> <span class='ocrx_word' id='word_1_100' title='bbox 1184 1671 1266 1758; x_wconf 85' lang='lat' dir='ltr'>quia</span> <span class='ocrx_word' id='word_1_101' title='bbox 1287 1670 1327 1742; x_wconf 88' lang='lat' dir='ltr'>in</span> 
     </span>
     <span class='ocr_line' id='line_1_15' title="bbox 264 1763 1327 1862; baseline 0.002 -26"><span class='ocrx_word' id='word_1_102' title='bbox 264 1763 348 1858; x_wconf 89' lang='lat' dir='ltr'>ipso</span> <span class='ocrx_word' id='word_1_103' title='bbox 372 1765 627 1838; x_wconf 87' lang='lat' dir='ltr'>ambulantium</span> <span class='ocrx_word' id='word_1_104' title='bbox 646 1764 777 1860; x_wconf 87' lang='lat' dir='ltr'>greilus</span> <span class='ocrx_word' id='word_1_105' title='bbox 789 1763 970 1844; x_wconf 87' lang='lat' dir='ltr'>Dominus</span> <span class='ocrx_word' id='word_1_106' title='bbox 989 1766 1118 1861; x_wconf 84' lang='lat' dir='ltr'>dirigit.</span> <span class='ocrx_word' id='word_1_107' title='bbox 1169 1772 1201 1837; x_wconf 88' lang='lat' dir='ltr'><em>A</em></span> <span class='ocrx_word' id='word_1_108' title='bbox 1219 1771 1327 1862; x_wconf 54' lang='lat' dir='ltr'>Domi</span> 
     </span>
     <span class='ocr_line' id='line_1_16' title="bbox 267 1860 1327 1964; baseline 0.004 -30"><span class='ocrx_word' id='word_1_109' title='bbox 267 1890 314 1934; x_wconf 85' lang='lat' dir='ltr'>no</span> <span class='ocrx_word' id='word_1_110' title='bbox 330 1884 416 1959; x_wconf 84' lang='lat' dir='ltr'>ergo</span> <span class='ocrx_word' id='word_1_111' title='bbox 436 1860 550 1955; x_wconf 75' lang='lat' dir='ltr'>greffits</span> <span class='ocrx_word' id='word_1_112' title='bbox 569 1865 930 1958; x_wconf 76' lang='lat' dir='ltr'>bominis-dacigemur,</span> <span class='ocrx_word' id='word_1_113' title='bbox 957 1865 995 1942; x_wconf 71' lang='lat' dir='ltr'><em>U</em></span> <span class='ocrx_word' id='word_1_114' title='bbox 1009 1871 1104 1935; x_wconf 76' lang='lat' dir='ltr'>uiam</span> <span class='ocrx_word' id='word_1_115' title='bbox 1125 1870 1191 1961; x_wconf 79' lang='lat' dir='ltr'>ejus</span> <span class='ocrx_word' id='word_1_116' title='bbox 1206 1873 1327 1964; x_wconf 81' lang='lat' dir='ltr'>cupiet,</span> 
     </span>
     <span class='ocr_line' id='line_1_17' title="bbox 269 1962 1392 2058; baseline 0.002 -22"><span class='ocrx_word' id='word_1_117' title='bbox 269 1962 687 2054; x_wconf 74' lang='lat' dir='ltr'>illamscilicetviam,de</span> <span class='ocrx_word' id='word_1_118' title='bbox 699 1986 767 2056; x_wconf 88' lang='lat' dir='ltr'>qua</span> <span class='ocrx_word' id='word_1_119' title='bbox 779 1965 880 2058; x_wconf 85' lang='lat' dir='ltr'>supra</span> <span class='ocrx_word' id='word_1_120' title='bbox 894 1966 1055 2038; x_wconf 86' lang='lat' dir='ltr'>diximus.</span> <span class='ocrx_word' id='word_1_121' title='bbox 1070 1962 1203 2056; x_wconf 88' lang='lat' dir='ltr'>Cupiet</span> <span class='ocrx_word' id='word_1_122' title='bbox 1216 1970 1328 2046; x_wconf 76' lang='lat' dir='ltr'>enirn,</span> <span class='ocrx_word' id='word_1_123' title='bbox 1388 2006 1392 2020; x_wconf 91' lang='lat'>·</span> 
     </span>
     <span class='ocr_line' id='line_1_18' title="bbox 270 2061 1328 2159; baseline 0.006 -25"><span class='ocrx_word' id='word_1_124' title='bbox 270 2064 335 2154; x_wconf 89' lang='lat' dir='ltr'>qui</span> <span class='ocrx_word' id='word_1_125' title='bbox 353 2083 374 2134; x_wconf 86' lang='lat' dir='ltr'>a</span> <span class='ocrx_word' id='word_1_126' title='bbox 393 2061 478 2136; x_wconf 91' lang='lat' dir='ltr'>Deo</span> <span class='ocrx_word' id='word_1_127' title='bbox 497 2062 656 2158; x_wconf 88' lang='lat' dir='ltr'>dirigitur</span> <span class='ocrx_word' id='word_1_128' title='bbox 679 2061 878 2158; x_wconf 80' lang='lat' dir='ltr'>Christum,</span> <span class='ocrx_word' id='word_1_129' title='bbox 904 2064 937 2137; x_wconf 82' lang='lat' dir='ltr'>dc</span> <span class='ocrx_word' id='word_1_130' title='bbox 959 2062 1175 2138; x_wconf 85' lang='lat' dir='ltr'>deiiderabit-</span> <span class='ocrx_word' id='word_1_131' title='bbox 1190 2063 1328 2159; x_wconf 65' lang='lat' dir='ltr'>permi-</span> 
     </span>
     <span class='ocr_line' id='line_1_19' title="bbox 267 2159 1314 2255; baseline 0 -18"><span class='ocrx_word' id='word_1_132' title='bbox 267 2181 360 2237; x_wconf 87' lang='lat' dir='ltr'>nere</span> <span class='ocrx_word' id='word_1_133' title='bbox 374 2160 515 2255; x_wconf 82' lang='lat' dir='ltr'>semper</span> <span class='ocrx_word' id='word_1_134' title='bbox 530 2161 568 2234; x_wconf 90' lang='lat' dir='ltr'>in</span> <span class='ocrx_word' id='word_1_135' title='bbox 588 2159 741 2246; x_wconf 86' lang='lat' dir='ltr'>Christo.</span> <span class='ocrx_word' id='word_1_136' title='bbox 807 2194 812 2204; x_wconf 86' lang='lat'>·</span> <span class='ocrx_word' id='word_1_137' title='bbox 1143 2249 1145 2254; x_wconf 23' lang='lat'><strong>¹</strong></span> <span class='ocrx_word' id='word_1_138' title='bbox 1312 2167 1314 2176; x_wconf 89' lang='lat'>&#39;</span> 
     </span>
     <span class='ocr_line' id='line_1_20' title="bbox 350 2263 1328 2358; baseline 0.005 -24"><span class='ocrx_word' id='word_1_139' title='bbox 350 2281 381 2336; x_wconf 79' lang='lat'>2.</span> <span class='ocrx_word' id='word_1_140' title='bbox 410 2264 663 2346; x_wconf 66' lang='lat' dir='ltr'>commederit,</span> <span class='ocrx_word' id='word_1_141' title='bbox 689 2263 826 2358; x_wconf 83' lang='lat' dir='ltr'>inquit,</span> <span class='ocrx_word' id='word_1_142' title='bbox 852 2287 918 2333; x_wconf 85' lang='lat' dir='ltr'>non</span> <span class='ocrx_word' id='word_1_143' title='bbox 935 2263 1186 2340; x_wconf 72' lang='lat' dir='ltr'>conturbabitur.</span> <span class='ocrx_word' id='word_1_144' title='bbox 1213 2263 1328 2357; x_wconf 85' lang='lat' dir='ltr'>Supe-</span> 
     </span>
     <span class='ocr_line' id='line_1_21' title="bbox 269 2359 1329 2458; baseline 0.007 -25"><span class='ocrx_word' id='word_1_145' title='bbox 269 2362 347 2434; x_wconf 82' lang='lat' dir='ltr'>rius</span> <span class='ocrx_word' id='word_1_146' title='bbox 357 2359 494 2452; x_wconf 88' lang='lat' dir='ltr'>dicens‚</span> <span class='ocrx_word' id='word_1_147' title='bbox 506 2362 588 2453; x_wconf 87' lang='lat' dir='ltr'>quia</span> <span class='ocrx_word' id='word_1_148' title='bbox 601 2381 621 2432; x_wconf 91' lang='lat' dir='ltr'>a</span> <span class='ocrx_word' id='word_1_149' title='bbox 636 2359 799 2435; x_wconf 89' lang='lat' dir='ltr'>Domino</span> <span class='ocrx_word' id='word_1_150' title='bbox 810 2361 1008 2454; x_wconf 88' lang='lat' dir='ltr'>diriguntur</span> <span class='ocrx_word' id='word_1_151' title='bbox 1022 2360 1152 2458; x_wconf 79' lang='lat' dir='ltr'>greffus</span> <span class='ocrx_word' id='word_1_152' title='bbox 1167 2366 1256 2456; x_wconf 83' lang='lat' dir='ltr'>ejus,</span> <span class='ocrx_word' id='word_1_153' title='bbox 1267 2366 1329 2440; x_wconf 88' lang='lat' dir='ltr'>hic</span> 
     </span>
     <span class='ocr_line' id='line_1_22' title="bbox 270 2458 1329 2556; baseline 0.007 -22"><span class='ocrx_word' id='word_1_154' title='bbox 270 2463 319 2534; x_wconf 90' lang='lat' dir='ltr'>de</span> <span class='ocrx_word' id='word_1_155' title='bbox 332 2458 411 2532; x_wconf 85' lang='lat' dir='ltr'>casu</span> <span class='ocrx_word' id='word_1_156' title='bbox 428 2461 503 2552; x_wconf 85' lang='lat' dir='ltr'>ejus</span> <span class='ocrx_word' id='word_1_157' title='bbox 518 2462 691 2551; x_wconf 90' lang='lat' dir='ltr'>loquitur.</span> <span class='ocrx_word' id='word_1_158' title='bbox 718 2459 814 2532; x_wconf 88' lang='lat' dir='ltr'>Vide</span> <span class='ocrx_word' id='word_1_159' title='bbox 832 2481 937 2556; x_wconf 89' lang='lat' dir='ltr'>ergo,</span> <span class='ocrx_word' id='word_1_160' title='bbox 953 2463 1152 2554; x_wconf 77' lang='lat' dir='ltr'>quinetiam</span> <span class='ocrx_word' id='word_1_161' title='bbox 1166 2466 1242 2554; x_wconf 81' lang='lat' dir='ltr'>liis,</span> <span class='ocrx_word' id='word_1_162' title='bbox 1266 2467 1329 2552; x_wconf 84' lang='lat' dir='ltr'>qui</span> 
     </span>
     <span class='ocr_line' id='line_1_23' title="bbox 268 2558 1329 2650; baseline 0.004 -16"><span class='ocrx_word' id='word_1_163' title='bbox 268 2562 343 2634; x_wconf 92' lang='lat' dir='ltr'>iter</span> <span class='ocrx_word' id='word_1_164' title='bbox 364 2560 437 2633; x_wconf 83' lang='lat' dir='ltr'>lroc</span> <span class='ocrx_word' id='word_1_165' title='bbox 456 2559 652 2650; x_wconf 81' lang='lat' dir='ltr'>incedunt,</span> <span class='ocrx_word' id='word_1_166' title='bbox 676 2558 867 2648; x_wconf 86' lang='lat' dir='ltr'>aliquando</span> <span class='ocrx_word' id='word_1_167' title='bbox 887 2560 1025 2632; x_wconf 81' lang='lat' dir='ltr'>accidat</span> <span class='ocrx_word' id='word_1_168' title='bbox 1045 2561 1193 2646; x_wconf 85' lang='lat' dir='ltr'>cadere,</span> <span class='ocrx_word' id='word_1_169' title='bbox 1219 2564 1329 2639; x_wconf 86' lang='lat' dir='ltr'>etiam</span> 
     </span>
     <span class='ocr_line' id='line_1_24' title="bbox 268 2655 1330 2753; baseline 0.002 -19"><span class='ocrx_word' id='word_1_170' title='bbox 268 2659 349 2749; x_wconf 81' lang='lat' dir='ltr'>his,</span> <span class='ocrx_word' id='word_1_171' title='bbox 375 2660 435 2751; x_wconf 86' lang='lat' dir='ltr'>qui</span> <span class='ocrx_word' id='word_1_172' title='bbox 452 2657 650 2733; x_wconf 88' lang='lat' dir='ltr'>aDomino</span> <span class='ocrx_word' id='word_1_173' title='bbox 663 2657 876 2753; x_wconf 86' lang='lat' dir='ltr'>diriguntur:</span> <span class='ocrx_word' id='word_1_174' title='bbox 902 2655 961 2728; x_wconf 91' lang='lat' dir='ltr'>sed</span> <span class='ocrx_word' id='word_1_175' title='bbox 975 2657 1025 2730; x_wconf 90' lang='lat' dir='ltr'>est</span> <span class='ocrx_word' id='word_1_176' title='bbox 1035 2660 1146 2731; x_wconf 87' lang='lat' dir='ltr'>multa</span> <span class='ocrx_word' id='word_1_177' title='bbox 1162 2657 1330 2736; x_wconf 60' lang='lat' dir='ltr'>differenss</span> 
     </span>
     <span class='ocr_line' id='line_1_25' title="bbox 270 2749 1329 2855; baseline 0.001 -24"><span class='ocrx_word' id='word_1_178' title='bbox 270 2759 325 2831; x_wconf 86' lang='lat' dir='ltr'>tia</span> <span class='ocrx_word' id='word_1_179' title='bbox 339 2749 435 2832; x_wconf 83' lang='lat' dir='ltr'>inter</span> <span class='ocrx_word' id='word_1_180' title='bbox 452 2758 569 2831; x_wconf 87' lang='lat' dir='ltr'>casum</span> <span class='ocrx_word' id='word_1_181' title='bbox 583 2753 982 2852; x_wconf 72' lang='lat' dir='ltr'>justidjccasuminjusti.</span> <span class='ocrx_word' id='word_1_182' title='bbox 1033 2755 1171 2850; x_wconf 86' lang='lat' dir='ltr'>Justus,</span> <span class='ocrx_word' id='word_1_183' title='bbox 1197 2761 1329 2855; x_wconf 80' lang='lat' dir='ltr'>inquit,</span> 
     </span>
     <span class='ocr_line' id='line_1_26' title="bbox 272 2854 1330 2954; baseline 0.004 -25"><span class='ocrx_word' id='word_1_184' title='bbox 272 2876 358 2930; x_wconf 86' lang='lat' dir='ltr'>curn</span> <span class='ocrx_word' id='word_1_185' title='bbox 374 2858 560 2949; x_wconf 85' lang='lat' dir='ltr'>ceciderit,</span> <span class='ocrx_word' id='word_1_186' title='bbox 578 2877 655 2930; x_wconf 93' lang='lat' dir='ltr'>non</span> <span class='ocrx_word' id='word_1_187' title='bbox 668 2854 923 2950; x_wconf 80' lang='lat' dir='ltr'>prosternitur:</span> <span class='ocrx_word' id='word_1_188' title='bbox 948 2855 1094 2947; x_wconf 82' lang='lat' dir='ltr'>injustus</span> <span class='ocrx_word' id='word_1_189' title='bbox 1110 2857 1214 2948; x_wconf 82' lang='lat' dir='ltr'>&amp;qui</span> <span class='ocrx_word' id='word_1_190' title='bbox 1231 2858 1330 2954; x_wconf 88' lang='lat' dir='ltr'>spem</span> 
     </span>
     <span class='ocr_line' id='line_1_27' title="bbox 271 2953 1330 3050; baseline 0.003 -21"><span class='ocrx_word' id='word_1_191' title='bbox 271 2973 352 3030; x_wconf 89' lang='lat' dir='ltr'>non</span> <span class='ocrx_word' id='word_1_192' title='bbox 374 2957 484 3029; x_wconf 88' lang='lat' dir='ltr'>habet</span> <span class='ocrx_word' id='word_1_193' title='bbox 501 2955 539 3029; x_wconf 91' lang='lat' dir='ltr'>in</span> <span class='ocrx_word' id='word_1_194' title='bbox 557 2955 643 3032; x_wconf 90' lang='lat' dir='ltr'>Deo</span> <span class='ocrx_word' id='word_1_195' title='bbox 664 2956 837 3050; x_wconf 78' lang='lat' dir='ltr'>politam,</span> <span class='ocrx_word' id='word_1_196' title='bbox 863 2953 887 3027; x_wconf 88' lang='lat' dir='ltr'>sr</span> <span class='ocrx_word' id='word_1_197' title='bbox 906 2955 1103 3049; x_wconf 83' lang='lat' dir='ltr'>ceciderit,</span> <span class='ocrx_word' id='word_1_198' title='bbox 1136 2956 1330 3049; x_wconf 83' lang='lat' dir='ltr'>prosterni·</span> 
     </span>
     <span class='ocr_line' id='line_1_28' title="bbox 272 3053 1330 3151; baseline 0.004 -23"><span class='ocrx_word' id='word_1_199' title='bbox 272 3055 377 3129; x_wconf 85' lang='lat' dir='ltr'>tur&amp;</span> <span class='ocrx_word' id='word_1_200' title='bbox 393 3075 471 3129; x_wconf 89' lang='lat' dir='ltr'>non</span> <span class='ocrx_word' id='word_1_201' title='bbox 489 3053 614 3151; x_wconf 75' lang='lat' dir='ltr'>surgite</span> <span class='ocrx_word' id='word_1_202' title='bbox 638 3054 674 3130; x_wconf 92' lang='lat' dir='ltr'>id</span> <span class='ocrx_word' id='word_1_203' title='bbox 692 3053 766 3145; x_wconf 84' lang='lat' dir='ltr'>est,</span> <span class='ocrx_word' id='word_1_204' title='bbox 792 3054 1058 3147; x_wconf 84' lang='lat' dir='ltr'>lipeccaverit‚</span> <span class='ocrx_word' id='word_1_205' title='bbox 1083 3076 1159 3126; x_wconf 91' lang='lat' dir='ltr'>non</span> <span class='ocrx_word' id='word_1_206' title='bbox 1176 3061 1330 3148; x_wconf 82' lang='lat' dir='ltr'>poenitet</span> 
     </span>
     <span class='ocr_line' id='line_1_29' title="bbox 273 3150 1333 3250; baseline 0.001 -22"><span class='ocrx_word' id='word_1_207' title='bbox 273 3154 309 3228; x_wconf 79' lang='lat' dir='ltr'>dr</span> <span class='ocrx_word' id='word_1_208' title='bbox 322 3167 511 3250; x_wconf 84' lang='lat' dir='ltr'>peccatum</span> <span class='ocrx_word' id='word_1_209' title='bbox 531 3150 631 3228; x_wconf 89' lang='lat' dir='ltr'>suum</span> <span class='ocrx_word' id='word_1_210' title='bbox 651 3154 842 3229; x_wconf 87' lang='lat' dir='ltr'>emendare</span> <span class='ocrx_word' id='word_1_211' title='bbox 861 3153 986 3226; x_wconf 85' lang='lat' dir='ltr'>nescit.</span> <span class='ocrx_word' id='word_1_212' title='bbox 1034 3152 1150 3247; x_wconf 90' lang='lat' dir='ltr'>Justus</span> <span class='ocrx_word' id='word_1_213' title='bbox 1169 3156 1333 3240; x_wconf 80' lang='lat' dir='ltr'>autemst</span> 
     </span>
    </p>
   </div>
   <div class='ocr_carea' id='block_1_3' title="bbox 273 3249 1445 3348">
    <p class='ocr_par' dir='ltr' id='par_1_3' title="bbox 273 3249 1445 3348">
     <span class='ocr_line' id='line_1_30' title="bbox 273 3249 1445 3348; baseline 0.004 -20"><span class='ocrx_word' id='word_1_214' title='bbox 273 3255 313 3328; x_wconf 91' lang='lat' dir='ltr'>in</span> <span class='ocrx_word' id='word_1_215' title='bbox 338 3256 460 3348; x_wconf 82' lang='lat' dir='ltr'>aliquo</span> <span class='ocrx_word' id='word_1_216' title='bbox 487 3251 705 3346; x_wconf 87' lang='lat' dir='ltr'>offenderit,</span> <span class='ocrx_word' id='word_1_217' title='bbox 742 3253 825 3327; x_wconf 82' lang='lat' dir='ltr'>ssin</span> <span class='ocrx_word' id='word_1_218' title='bbox 851 3255 968 3326; x_wconf 90' lang='lat' dir='ltr'>verbo</span> <span class='ocrx_word' id='word_1_219' title='bbox 989 3249 1211 3347; x_wconf 87' lang='lat' dir='ltr'>(Apostolus</span> <span class='ocrx_word' id='word_1_220' title='bbox 1233 3258 1330 3334; x_wconf 89' lang='lat' dir='ltr'>enim</span> <span class='ocrx_word' id='word_1_221' title='bbox 1443 3254 1445 3258; x_wconf 73' lang='grc'><strong>’</strong></span> 
     </span>
    </p>
   </div>
   <div class='ocr_carea' id='block_1_4' title="bbox 273 3350 1404 4148">
    <p class='ocr_par' dir='ltr' id='par_1_4' title="bbox 273 3350 1404 4148">
     <span class='ocr_line' id='line_1_31' title="bbox 275 3350 1331 3451; baseline -0.003 -24"><span class='ocrx_word' id='word_1_222' title='bbox 275 3350 356 3446; x_wconf 79' lang='lat' dir='ltr'>est,</span> <span class='ocrx_word' id='word_1_223' title='bbox 383 3354 443 3445; x_wconf 84' lang='lat' dir='ltr'>qui</span> <span class='ocrx_word' id='word_1_224' title='bbox 461 3353 574 3427; x_wconf 62' lang='lat' dir='ltr'>dicite</span> <span class='ocrx_word' id='word_1_225' title='bbox 604 3358 642 3426; x_wconf 83' lang='lat' dir='ltr'>ln</span> <span class='ocrx_word' id='word_1_226' title='bbox 664 3351 775 3423; x_wconf 81' lang='lat' dir='ltr'>multis</span> <span class='ocrx_word' id='word_1_227' title='bbox 798 3358 885 3423; x_wconf 81' lang='lat' dir='ltr'>enim</span> <span class='ocrx_word' id='word_1_228' title='bbox 906 3352 1089 3443; x_wconf 75' lang='lat' dir='ltr'>offendimur</span> <span class='ocrx_word' id='word_1_229' title='bbox 1106 3378 1229 3440; x_wconf 73' lang='lat' dir='ltr'>omnes,</span> <span class='ocrx_word' id='word_1_230' title='bbox 1255 3358 1293 3431; x_wconf 75' lang='grc' dir='ltr'>σ</span> <span class='ocrx_word' id='word_1_231' title='bbox 1303 3353 1331 3451; x_wconf 74' lang='lat' dir='ltr'><em>fi</em></span> 
     </span>
     <span class='ocr_line' id='line_1_32' title="bbox 273 3450 1331 3552; baseline 0.007 -29"><span class='ocrx_word' id='word_1_232' title='bbox 273 3460 349 3552; x_wconf 71' lang='lat' dir='ltr'>quis</span> <span class='ocrx_word' id='word_1_233' title='bbox 367 3459 405 3523; x_wconf 86' lang='lat' dir='ltr'>r&#39;n</span> <span class='ocrx_word' id='word_1_234' title='bbox 418 3454 512 3525; x_wconf 81' lang='lat' dir='ltr'>verbo</span> <span class='ocrx_word' id='word_1_235' title='bbox 526 3477 592 3523; x_wconf 84' lang='lat' dir='ltr'>non</span> <span class='ocrx_word' id='word_1_236' title='bbox 614 3451 767 3545; x_wconf 78' lang='lat' dir='ltr'>offendit,</span> <span class='ocrx_word' id='word_1_237' title='bbox 791 3454 845 3522; x_wconf 79' lang='lat' dir='ltr'>hic</span> <span class='ocrx_word' id='word_1_238' title='bbox 858 3450 1016 3545; x_wconf 65' lang='lat' dir='ltr'>gerfridus</span> <span class='ocrx_word' id='word_1_239' title='bbox 1032 3453 1073 3550; x_wconf 66' lang='grc' dir='ltr'>ιβ</span> <span class='ocrx_word' id='word_1_240' title='bbox 1086 3452 1175 3548; x_wconf 82' lang='lat' dir='ltr'>vir.)</span> <span class='ocrx_word' id='word_1_241' title='bbox 1202 3452 1331 3530; x_wconf 81' lang='lat' dir='ltr'>Offen-</span> 
     </span>
     <span class='ocr_line' id='line_1_33' title="bbox 275 3549 1404 3649; baseline 0.002 -23"><span class='ocrx_word' id='word_1_242' title='bbox 275 3553 331 3626; x_wconf 90' lang='lat' dir='ltr'>dit</span> <span class='ocrx_word' id='word_1_243' title='bbox 348 3573 436 3649; x_wconf 86' lang='lat' dir='ltr'>ergo</span> <span class='ocrx_word' id='word_1_244' title='bbox 457 3553 491 3626; x_wconf 71' lang='grc' dir='ltr'><strong>ἃ</strong></span> <span class='ocrx_word' id='word_1_245' title='bbox 501 3549 612 3646; x_wconf 85' lang='lat' dir='ltr'>justus</span> <span class='ocrx_word' id='word_1_246' title='bbox 628 3553 667 3642; x_wconf 83' lang='lat' dir='ltr'>in</span> <span class='ocrx_word' id='word_1_247' title='bbox 686 3554 821 3644; x_wconf 87' lang='lat' dir='ltr'>verbo,</span> <span class='ocrx_word' id='word_1_248' title='bbox 847 3550 996 3625; x_wconf 87' lang='lat' dir='ltr'>fortaffis</span> <span class='ocrx_word' id='word_1_249' title='bbox 1011 3552 1117 3626; x_wconf 88' lang='lat' dir='ltr'>etiam</span> <span class='ocrx_word' id='word_1_250' title='bbox 1136 3554 1331 3643; x_wconf 89' lang='lat' dir='ltr'>aliquando·</span> <span class='ocrx_word' id='word_1_251' title='bbox 1401 3622 1404 3627; x_wconf 89' lang='lat'><em>.</em></span> 
     </span>
     <span class='ocr_line' id='line_1_34' title="bbox 277 3648 1331 3745; baseline 0 -19"><span class='ocrx_word' id='word_1_252' title='bbox 277 3651 370 3726; x_wconf 84' lang='lat' dir='ltr'>&amp;in</span> <span class='ocrx_word' id='word_1_253' title='bbox 393 3648 516 3744; x_wconf 78' lang='lat' dir='ltr'>fatto,</span> <span class='ocrx_word' id='word_1_254' title='bbox 548 3650 689 3726; x_wconf 80' lang='lat' dir='ltr'>sedicit</span> <span class='ocrx_word' id='word_1_255' title='bbox 710 3650 923 3741; x_wconf 85' lang='lat' dir='ltr'>emendare,</span> <span class='ocrx_word' id='word_1_256' title='bbox 956 3649 1021 3723; x_wconf 92' lang='lat' dir='ltr'>scit</span> <span class='ocrx_word' id='word_1_257' title='bbox 1037 3655 1240 3745; x_wconf 85' lang='lat' dir='ltr'>corrigere:</span> <span class='ocrx_word' id='word_1_258' title='bbox 1264 3650 1331 3726; x_wconf 89' lang='lat' dir='ltr'>scit</span> 
     </span>
     <span class='ocr_line' id='line_1_35' title="bbox 275 3750 1332 3848; baseline -0.004 -21"><span class='ocrx_word' id='word_1_259' title='bbox 275 3754 359 3842; x_wconf 86' lang='lat' dir='ltr'>ille,</span> <span class='ocrx_word' id='word_1_260' title='bbox 384 3753 445 3844; x_wconf 88' lang='lat' dir='ltr'>qui</span> <span class='ocrx_word' id='word_1_261' title='bbox 461 3750 617 3848; x_wconf 82' lang='lat' dir='ltr'>dixerat:</span> <span class='ocrx_word' id='word_1_262' title='bbox 643 3750 755 3844; x_wconf 70' lang='lat' dir='ltr'>Nescio</span> <span class='ocrx_word' id='word_1_263' title='bbox 768 3752 947 3836; x_wconf 80' lang='lat' dir='ltr'>luminem,</span> <span class='ocrx_word' id='word_1_264' title='bbox 971 3750 1164 3842; x_wconf 86' lang='lat' dir='ltr'>paulopost</span> <span class='ocrx_word' id='word_1_265' title='bbox 1182 3771 1262 3823; x_wconf 89' lang='lat' dir='ltr'>cum</span> <span class='ocrx_word' id='word_1_266' title='bbox 1277 3771 1332 3824; x_wconf 87' lang='lat' dir='ltr'>re·</span> 
     </span>
     <span class='ocr_line' id='line_1_36' title="bbox 274 3847 1333 3947; baseline -0.002 -21"><span class='ocrx_word' id='word_1_267' title='bbox 274 3849 414 3947; x_wconf 73' lang='lat' dir='ltr'>spectus</span> <span class='ocrx_word' id='word_1_268' title='bbox 429 3847 547 3922; x_wconf 84' lang='lat' dir='ltr'>fuisset</span> <span class='ocrx_word' id='word_1_269' title='bbox 560 3873 581 3922; x_wconf 86' lang='lat' dir='ltr'>a</span> <span class='ocrx_word' id='word_1_270' title='bbox 595 3849 777 3942; x_wconf 87' lang='lat' dir='ltr'>Domino,</span> <span class='ocrx_word' id='word_1_271' title='bbox 802 3847 1117 3925; x_wconf 85' lang='lat' dir='ltr'>flereamariifime:</span> <span class='ocrx_word' id='word_1_272' title='bbox 1143 3848 1208 3922; x_wconf 89' lang='lat' dir='ltr'>scit</span> <span class='ocrx_word' id='word_1_273' title='bbox 1222 3849 1253 3919; x_wconf 83' lang='lat' dir='ltr'>dr</span> <span class='ocrx_word' id='word_1_274' title='bbox 1269 3850 1333 3924; x_wconf 88' lang='lat' dir='ltr'>ille</span> 
     </span>
     <span class='ocr_line' id='line_1_37' title="bbox 278 3946 1333 4050; baseline 0.001 -27"><span class='ocrx_word' id='word_1_275' title='bbox 278 3952 394 4046; x_wconf 83' lang='lat' dir='ltr'>quite</span> <span class='ocrx_word' id='word_1_276' title='bbox 413 3946 510 4024; x_wconf 69' lang='lat' dir='ltr'>tedio</span> <span class='ocrx_word' id='word_1_277' title='bbox 526 3950 713 4025; x_wconf 86' lang='lat' dir='ltr'>mulierem</span> <span class='ocrx_word' id='word_1_278' title='bbox 733 3948 897 4050; x_wconf 70' lang='lat' dir='ltr'>viderat,</span> <span class='ocrx_word' id='word_1_279' title='bbox 923 3948 1209 4045; x_wconf 82' lang='lat' dir='ltr'>&amp;concupierat</span> <span class='ocrx_word' id='word_1_280' title='bbox 1231 3968 1333 4045; x_wconf 70' lang='lat' dir='ltr'>eam,</span> 
     </span>
     <span class='ocr_line' id='line_1_38' title="bbox 308 4037 1301 4148; baseline -0.002 -24"><span class='ocrx_word' id='word_1_281' title='bbox 308 4053 471 4148; x_wconf 76' lang='lat' dir='ltr'>,origenis</span> <span class='ocrx_word' id='word_1_282' title='bbox 500 4037 590 4125; x_wconf 71' lang='lat' dir='ltr'>rm.</span> <span class='ocrx_word' id='word_1_283' title='bbox 619 4049 719 4127; x_wconf 81' lang='lat' dir='ltr'><em>VIII.</em></span> <span class='ocrx_word' id='word_1_284' title='bbox 787 4115 801 4126; x_wconf 84' lang='grc'><strong><em>,</em></strong></span> <span class='ocrx_word' id='word_1_285' title='bbox 945 4045 984 4127; x_wconf 81' lang='grc' dir='ltr'>Ι)</span> <span class='ocrx_word' id='word_1_286' title='bbox 1108 4047 1110 4051; x_wconf 81' lang='grc'><strong>’</strong></span> <span class='ocrx_word' id='word_1_287' title='bbox 1198 4047 1301 4123; x_wconf 74' lang='lat' dir='ltr'>date·</span> 
     </span>
    </p>
   </div>
   <div class='ocr_carea' id='block_1_5' title="bbox 0 0 1632 4609">
    <p class='ocr_par' dir='ltr' id='par_1_5' title="bbox 0 0 1632 4609">
     <span class='ocr_line' id='line_1_39' title="bbox 0 0 1632 4609; baseline 0 0"><span class='ocrx_word' id='word_1_288' title='bbox 0 0 1632 4609; x_wconf 95' lang='lat' dir='ltr'> </span> 
     </span>
    </p>
   </div>
  </div>
 </body>
</html>
