3242 4609
348 469 352 480 Ι
396 449 402 456 ,
475 311 1198 504 supernatamus(
1278 391 1348 464 245

292 523 545 622 corporalibus
563 528 758 624 pinguis&
775 530 869 603 bene
887 530 1022 604 nutrita
1036 531 1195 605 animalia
1208 513 1349 625 aptiora

270 627 280 650 ⁵
292 626 376 702 sunt
393 627 437 700 ad
455 630 707 724 voluptatem,
733 630 932 722 ortamine,
959 651 1036 720 que
1055 649 1131 704 non
1151 629 1345 722 funt-talin
1393 641 1397 650 “

291 728 346 802 ita
358 727 398 800 in
412 723 649 820 spiritualibus
671 724 913 823 proportione
931 730 1078 821 quadam
1100 732 1230 805 accidit
1245 732 1349 805 utris·
1374 767 1378 778 ,

266 846 376 919 ⁵que.
421 823 609 926 Propheta
635 831 751 914 enim,
779 849 859 901 cum
881 828 1200 923 supereminentem
1226 833 1349 904 anirnae

292 926 414 999 cibum
429 928 545 1018 probe
558 925 697 1022 nollet,
720 928 798 1001 haec
816 927 913 1005 dicit.
939 926 1125 1022 Ejusmodi
1139 930 1231 1003 enim
1248 944 1351 1003 erant

292 1027 401 1099 etiarn
421 1026 504 1117 illa,
530 1048 608 1120 quae
629 1047 694 1122 per
710 1030 916 1123 parabolam
934 1025 973 1102 ¹in
996 1024 1199 1124 Evangeliis
1217 1029 1349 1102 haben-

291 1135 354 1198 tur
376 1123 421 1196 de
444 1124 563 1218 pitulo
579 1125 747 1223 saginato.
804 1130 850 1200 Er
866 1129 959 1199 loliis
983 1128 1192 1199 exaltationis·
1207 1128 1349 1201 laudabit

291 1249 325 1296 os
343 1247 453 1296 meum.
504 1221 681 1323 Ambigua
697 1225 798 1301 estin
814 1227 1135 1324 graecosententia‚
1160 1242 1281 1302 utrum
1294 1227 1349 1300 vi-

260 1341 265 1352 ’
292 1323 425 1397 delicet
444 1324 656 1400 laudandum
671 1327 713 1400 fit
734 1347 777 1399 os
800 1348 917 1402 meum
935 1351 955 1401 a
973 1329 1074 1400 labiis
1094 1325 1348 1420 exultationis,
1439 1395 1445 1402 .

291 1424 358 1496 vel
369 1423 541 1522 laudanda
553 1425 957 1502 sintlabiaexultationis
971 1430 1014 1500 ab
1025 1447 1193 1502 oremeo.
1228 1428 1352 1525 Quan-

278 1522 365 1620 3d0,
389 1523 534 1616 inquit,
559 1545 697 1599 memor
716 1525 822 1600 fuero
846 1527 1001 1600 nominis
1019 1529 1093 1621 tui,
1118 1541 1206 1599 tunc
1224 1525 1352 1618 utique

290 1634 381 1696 tunc
396 1622 526 1718 gaudio
542 1624 734 1716 implentur
747 1627 839 1700 labia
852 1647 941 1703 mea.-
1072 1643 1079 1656 ⁸
1266 1639 1273 1666 ⁸

366 1724 406 1793 Si
423 1747 535 1793 memor
547 1722 606 1817 fui
626 1730 678 1797 rui
691 1725 786 1823 super
797 1730 951 1822 (irarum,
969 1724 1054 1819 dfe]
1080 1724 1215 1801 Idonea
1232 1724 1348 1799 moni·

291 1820 349 1894 tio
367 1820 410 1893 ad
431 1821 654 1914 castitatem
681 1827 850 1917 quoniam
865 1827 924 1919 is,
952 1826 1011 1919 qui
1029 1824 1132 1919 stper
1148 1824 1258 1899 strato
1275 1847 1349 1898 me·

280 1940 374 1997 mor
390 1920 441 1995 est
453 1941 570 1998 rerum
584 1924 806 2019 divinarum,
834 1928 983 2001 omnino
1000 1946 1109 2020 purus
1126 1922 1177 2016 fit
1228 1923 1350 1999 Simile

290 2016 345 2094 est
361 2019 467 2096 etiam
479 2023 586 2113 illud,
614 2026 655 2097 In
674 2026 823 2120 lacrymis
837 2033 909 2097 meir
922 2029 1055 2117 litorum
1068 2050 1169 2095 meum
1186 2025 1297 2117 rigabo.

361 2116 505 2195 Etenim
519 2121 731 2197 defraudant
744 2126 899 2199 invicem
921 2141 1091 2199 vacantes
1110 2123 1281 2198 orationi.

276 2267 279 2272 ·
364 2221 619 2319 Adhaesttonima
633 2247 698 2295 meu
713 2225 775 2322 'pofl
789 2243 842 2310 la,
865 2222 950 2319 Ue]
978 2224 1033 2315 Si,
1058 2229 1115 2321 qui
1129 2226 1268 2294 odbaerel
1285 2224 1348 2293 Du·

291 2323 397 2408 mino,
422 2345 505 2391 unus
518 2322 658 2417 spiritus
671 2320 728 2421 esd,
756 2323 1002 2397 adhaesrtvero
1020 2323 1140 2397 David
1158 2322 1347 2415 Domin0‚
1420 2415 1422 2420 Ι

290 2441 386 2495 unus
410 2419 518 2517 igitur
534 2420 604 2494 fuit
626 2419 777 2516 spiritus.
839 2424 1008 2515 Spiritum
1032 2438 1151 2496 autem
1178 2435 1292 2493 vocat
1309 2422 1349 2493 il·
1401 2427 1404 2436 '

291 2523 390 2612 lum,
417 2522 477 2612 qui
488 2519 648 2612 spiritalis
663 2522 733 2606 est,
759 2523 1056 2622 quemadmodum
1071 2521 1105 2594 dt
1120 2519 1284 2614 constans
1298 2520 1349 2592 di·
1376 2595 1385 2606 ,

289 2617 399 2697 lertio
413 2618 584 2715 fignificat
599 2644 701 2714 eum,
729 2624 788 2715 qui
804 2623 1013 2696 charitatem
1028 2622 1148 2695 habet.
1198 2618 1349 2711 Moyses

291 2717 400 2793 etiam
418 2720 777 2815 quanduposteriota
797 2721 869 2795 Dei
883 2721 993 2816 vidit,
1019 2734 1107 2794 tunc
1121 2719 1262 2794 adhaelit
1277 2718 1349 2792 ani·
1428 2747 1430 2752 ·

290 2839 351 2898 ma
368 2819 444 2911 ejus
462 2820 543 2913 post
557 2821 689 2898 Deum.
1219 2855 1221 2860 ·

370 2920 559 2991 lntrnibunr
576 2926 612 2992 in
629 2922 802 3019 inferiora,
819 2918 899 3013 dra]
936 2921 1087 3093 quanto
1108 2917 1219 2993 fufiot
1237 2913 1349 2991 fuerit
1434 2942 1437 2949 ·

291 3018 426 3093 malitia
446 3021 622 3113 alicuius,
648 3033 753 3094 tanto
773 3018 924 3093 inferior
962 3018 1057 3093 adius
1076 3022 1187 3094 intrat
1204 3017 1241 3090 in
1253 3013 1349 3096 infe·

289 3120 391 3190 riora
412 3131 527 3195 terrae.
577 3118 740 3215 Tropice
767 3134 886 3192 autem
907 3128 1022 3193 manus
1034 3121 1135 3213 gladii
1151 3118 1347 3208 dicuntur,

291 3218 673 3316 ficutmanuslingtrae.
727 3222 837 3292 Partes
855 3222 1123 3316 vulpiumerunl.
1158 3214 1347 3308 Tradunt,

292 3319 439 3409 leones,
466 3319 528 3392 ubi
545 3320 671 3393 animal
689 3316 834 3412 aliquod
854 3321 1037 3412 ceperint,
1055 3317 1265 3414 sanguinem
1287 3334 1347 3386 ex·
1390 3357 1393 3366 .

288 3414 437 3516 sugere,
464 3417 689 3515 &rapaciter
702 3415 855 3511 praedam
872 3418 1070 3499 devorare,
1094 3438 1136 3492 ac
1156 3412 1349 3510 presertim

291 3521 452 3592 membra
465 3519 630 3612 potiora,
655 3520 858 3609 relinquere
870 3515 1172 3611 vero'superflua3
1199 3534 1276 3607 quae
1289 3512 1349 3585 de·

291 3616 377 3689 inde
394 3632 538 3709 reperta
552 3620 680 3711 uulpes
697 3614 902 3691 absumant:
918 3636 1016 3690 tcum
1031 3617 1138 3714 igitur
1158 3615 1215 3688 hae
1236 3612 1348 3685 devo·

291 3729 376 3789 rent
396 3716 483 3810 illa,
518 3720 596 3811 quie
612 3717 657 3791 ab
680 3716 753 3791 istis
775 3715 911 3809 pridem
931 3715 1121 3790 interemta
1135 3712 1242 3796 sunt,
1273 3710 1348 3783 hoc
1392 3811 1400 3820 ‚

291 3814 404 3908 dicit,
441 3813 550 3911 fore,
580 3831 622 3890 ut
649 3814 796 3889 diversae
820 3813 914 3909 ipsos
941 3836 1054 3909 poenae
1076 3815 1280 3905 excipiant,
1315 3809 1349 3879 dt

294 3915 451 3988 dum'ex
473 3916 527 3992 his
545 3918 581 3993 in
608 3917 692 3990 alias
712 3914 875 3991 incidunt
884 3966 900 4009 ,¹
923 3912 1066 3992 diuerso
1083 3911 1259 4009 supplicio
1279 3904 1349 3982 affi-

274 4014 442 4092 -ciantur
770 4077 773 4086 .
936 4074 946 4086 -
1178 4079 1191 4096 .
1357 4081 1419 4105 rs

379 4143 382 4150 ⁴
489 4113 497 4126 '
814 4113 856 4219 Q
884 4136 916 4228 3*
1038 4141 1047 4157 ·
1143 4107 1148 4117 ’
1222 4108 1332 4204 ἣν·
