3242 4609
331 305 349 374 ³
447 299 1138 500 sonrcrarnrsjarn'os.
1200 303 1322 460 fan
1379 301 1382 309 ’

446 655 1130 794 4ι’,εΑιΜυεεὶςνη,
1191 755 1202 780 x
1349 659 1352 666 ’

352 830 513 897 iratorum
526 825 753 916 donatismi,
767 824 850 921 sio]
874 824 987 920 Illud,
1013 829 1096 899 dicar
1111 851 1200 899 nunc
1214 827 1323 921 Ῑίναιὶ,

271 1011 275 1020 ,
376 925 462 999 &in
481 926 554 999 hoc
573 925 706 1021 psalmo
727 925 856 1002 dietum
881 923 948 1018 est,
975 925 1060 1000 &in
1080 928 1222 1002 altero:
1248 927 1323 1027 Nost

271 1033 352 1127 quio
374 1029 533 1096 Dominus
554 1043 622 1097 erar
643 1034 680 1098 in
699 1027 808 1105 nobis,
840 1029 923 1097 dicat
941 1051 1031 1096 nunc
1051 1028 1163 1122 Israeli:
1189 1030 1248 1118 qui
1272 1027 1336 1104 est'

272 1123 483 1200 cemefimus
502 1126 688 1204 vicesimus
707 1125 845 1219 sextus,
874 1125 907 1199 ta
924 1125 1141 1221 gradualium
1158 1129 1323 1224 quintos:

272 1225 358 1300 item
382 1224 419 1298 in
441 1223 633 1298 tentefimo
658 1226 827 1298 vicesimo
846 1224 1000 1317 ostano,
1027 1227 1087 1317 qui
1110 1223 1161 1298 est
1178 1225 1348 1321 graduag

273 1325 358 1397 lium
374 1323 550 1397 decimus:
576 1325 676 1417 cuius
697 1327 914 1420 principium
930 1323 1000 1419 est,
1028 1329 1114 1424 Sapo
1127 1337 1322 1421 expugnave-

241 1435 356 1496 .runt
368 1443 431 1511 mo,
456 1425 538 1495 dicar
556 1448 646 1496 nunc
664 1427 769 1513 yones.
932 1482 934 1486 .
1021 1491 1022 1494 ,

334 1525 452 1593 ‘Dicat
477 1525 690 1595 nunciemus
715 1524 835 1600 Aaron
849 1555 865 1611 ·,’
894 1521 980 1619 tin]
1013 1523 1088 1598 Niso
1111 1523 1187 1615 quis
1215 1523 1325 1598 fuerit
1358 1537 1362 1556 ¹

272 1618 397 1714 Israel,
418 1623 617 1697 veldomua
630 1624 775 1710 Aaron,
794 1627 857 1697 vel
873 1625 1000 1699 timens
1015 1622 1231 1715 Dominum,
1247 1643 1324 1698 non
1352 1669 1373 1706 a
1400 1627 1410 1640 '

269 1721 385 1817 gustat
400 1722 653 1819 benignitatem
667 1724 844 1814 Domini,
870 1725 972 1816 cujus
989 1723 1027 1796 in
1042 1720 1204 1796 seculum
1223 1721 1323 1796 mise-
1341 1797 1348 1812 ,
1400 1753 1403 1758 ·

270 1820 426 1895 ricordia
441 1821 502 1897 est.
556 1824 789 1922 Quapropter
807 1824 858 1897 illi
875 1823 940 1897 soli
957 1824 1093 1896 dicent:
1113 1827 1164 1910 in
1175 1824 1323 1910 seculum
1379 1883 1382 1894 ,

269 1921 475 2006 misericordia
501 1926 578 2017 ejm.
644 1926 785 2018 Quibus
813 1921 930 1998 tribus'
950 1923 1134 1998 ordinibus
1159 1920 1321 1997 existimo

269 2017 341 2093 esse
356 2034 429 2093 treo
443 2019 696 2095 misericordiae
708 2023 903 2120 generales.
953 2022 1045 2095 Cum
1059 2036 1178 2098 autern
1193 2023 1322 2097 domus

269 2120 313 2194 fit
333 2122 564 2221 congregatio
574 2118 589 2206 ‚'
610 2124 766 2218 legitime
783 2122 826 2195 ad
846 2123 958 2196 vitam
979 2120 1157 2213 stabilita,
1183 2122 1321 2195 idcirco

268 2239 367 2294 nune
390 2221 465 2293 haec
488 2239 563 2293 vox
577 2222 683 2291 domus
698 2223 734 2294 in
755 2221 866 2297 domo
888 2221 1013 2297 Aaron
1032 2220 1146 2312 posrta
1162 2219 1225 2294 est.
1273 2217 1325 2294 Et

267 2319 373 2411 vide,
396 2339 482 2392 num
499 2320 603 2412 poffit
621 2321 792 2414 templum
807 2321 913 2394 etiam
938 2317 1006 2392 eise
1022 2320 1150 2392 domus
1173 2318 1322 2413 Aaron,

267 2420 332 2491 obi
358 2416 559 2491 sacerdotes
585 2418 656 2493 Dei
680 2422 826 2498 cultum·
844 2417 1095 2493 administrant.
1156 2416 1353 2494 Seorsum.

267 2520 378 2615 igitur
399 2515 600 2592 sacerdotes
621 2519 665 2592 ad
686 2518 916 2612 hymnodiam
934 2519 1126 2607 invitavit,
1152 2538 1198 2609 eo
1222 2517 1322 2609 quod

246 2632 249 2635 ’
270 2618 334 2711 ipsr
352 2637 497 2709 quoque
516 2619 686 2710 maiorem
708 2618 789 2692 sunt
808 2618 991 2691 honorem
1010 2616 1323 2708 consecutisnon
1355 2661 1357 2672 ·

265 2715 382 2791 solnm
400 2720 541 2791 ratione
567 2718 777 2809 sacerdo-⁴⁰,
802 2736 929 2803 verum
957 2717 1086 2808 etiam,
1112 2713 1229 2807 quoad
1256 2716 1329 2791 alia·

273 2817 404 2889 omnia.
453 2813 597 2892 Etenim
613 2817 755 2909 quando
779 2817 869 2913 ignis
887 2805 1048 2889 demissus
1072 2815 1142 2906 est,
1168 2827 1321 2910 propter
1403 2831 1405 2836 ·

268 2936 335 2989 eos
351 2913 511 2991 demissus
524 2916 599 3010 est,
623 2932 789 3009 terraque
801 2929 911 3013 'mota
932 2913 1002 3008 est,
1029 2915 1065 2989 δι
1079 2915 1178 3009 virga
1198 2916 1324 3009 germi-
1383 2955 1385 2961 ·

268 3016 391 3106 navit,
419 3036 460 3087 ac
479 3016 577 3089 mille
600 3017 748 3112 aliaper
763 3011 937 3113 ipsos,'&
960 3033 1028 3111 pro
1050 3013 1130 3113 ipfis
1152 3014 1322 3090 miracula

269 3117 511 3209 contigerunt.
962 3143 965 3147 ·
1326 3127 1328 3132 ·
1395 3137 1397 3142 ·

305 3237 310 3246 “
344 3219 467 3288 Dicant
478 3238 565 3284 nronc
576 3229 702 3308 omnes‚'
718 3220 781 3312 -qni
795 3220 911 3288 rimant
929 3218 1122 3300 Dominum,
1147 3212 1244 3310 Ua]
1259 3211 1323 3288 Su·

266 3312 386 3407 perine
398 3333 542 3404 quoque
556 3313 706 3394 dicitur:
732 3314 837 3394 Israel
854 3311 1029 3410 speravit,
1055 3314 1323 3387 invocareDo·
1389 3345 1395 3356 ¹

265 3412 429 3505 minum,
457 3412 583 3486 deinde
608 3414 735 3488 domus
758 3413 910 3505 Aaron,
944 3413 1072 3487 deinde
1089 3411 1167 3506 iili,
1194 3414 1253 3504 qui
1278 3413 1326 3486 ti·

220 3571 223 3576 .
266 3526 368 3587 ment
381 3510 588 3587 Dominum.
639 3512 751 3605 Atqui
763 3514 950 3603 timentes,
977 3511 1164 3585 &domum
1178 3511 1317 3606 Aaron,

267 3610 303 3686 A
334 3608 437 3684 Israel
456 3611 650 3703 unumquid
676 3613 709 3685 δι
740 3611 833 3685 idem
857 3609 950 3697 effe,
983 3613 1019 3683 in
1036 3611 1323 3703 ‚praecedentibus
1398 3641 1404 3660 1

267 3709 601 3801 quoquodiximuo.
644 3713 894 3811 'Quapropter
922 3727 1111 3784 commune
1143 3708 1348 3785 canticum„

268 3806 364 3905 ipsos
386 3808 551 3902 proferre
568 3810 685 3903 jussit,
717 3811 789 3884 Dei
807 3809 1082 3884 misericordiam
1105 3809 1346 3885 annamcian·.

268 3907 331 3989 do.
387 3907 634 3988 Misericordia
656 3912 765 4086 enin}xl
778 3910 929 3997 Domini
951 3907 1054 4006 super
1081 3928 1227 3989 omnem
1248 3927 1324 3983 car·
1361 3965 1370 3974 e

779 4031 844 4109 a3
1165 4027 1275 4099 nem„
1328 4037 1350 4112 g
