3242 4609
434 239 725 359 salucra
745 269 814 349 IN
837 219 1136 357 isarnus.
1166 367 1168 372 ,
1239 208 1310 390 21}

241 447 287 514 ut
300 454 367 511 cor
377 433 459 530 Jesu
478 435 685 514 turbaretur
699 433 854 531 inipso,
881 433 1092 512 &formido
1106 443 1233 516 mortis
1251 464 1309 517 ca·
1413 499 1416 506 .

242 537 348 614 deret
356 534 465 636 ¹super
480 536 601 630 illuns,
627 536 759 611 timore
776 536 810 608 dr
827 547 986 618 tremore
1007 540 1308 618 venientibussu.

240 656 310 733 per
325 633 446 729 illurn,
472 635 507 708 dc
522 637 672 733 caligine
687 634 799 730 ipsum
820 638 1022 729 operiente.

319 740 380 807 Cor
399 761 499 806 meum
517 738 738 829 conturbatum
755 736 795 836 ιβ
809 732 849 807 iat
868 731 938 824 me',
964 734 1048 829 Θι]
1080 738 1202 813 Habet
1220 741 1316 834 quid

240 832 352 911 flmile
372 835 483 931 illud,
509 860 560 929 cur
578 861 680 908 meum
702 836 924 911 conturbatum
943 838 984 933 ιβ
1003 844 1041 906 in
1059 863 1129 926 me,
1152 840 1226 934 isti,
1254 843 1306 915 Ad
1422 875 1425 911 ;

239 935 392 1030 meipsum
401 942 509 1007 anima
525 961 590 1008 mea
607 938 796 1028 tonturbatr
808 936 857 1033 ιβ
894 935 1070 1010 Caeterum
1091 941 1197 1017 etiam
1210 962 1306 1015 mor.

206 1029 214 1042 ’
241 1047 315 1107 tem
331 1033 546 1127 exspetianti
569 1058 588 1109 a
607 1025 725 1129 pravo
745 1036 900 1129 quodam
920 1034 1043 1127 spiritu
1065 1040 1174 1111 timor
1189 1041 1304 1133 injici·
1372 1051 1374 1054 ’

239 1148 322 1220 tur;
350 1137 430 1226 qui,
459 1156 540 1211 cum
558 1138 672 1209 vellet
688 1136 887 1229 operariin
902 1137 988 1229 illu,
1017 1139 1076 1228 qui
1095 1140 1191 1211 hunc
1215 1140 1304 1231 psal-

238 1256 338 1317 mum
359 1232 532 1327 dibiabat,
557 1235 662 1310 irruit
681 1238 719 1325 in
739 1256 843 1328 eum,
870 1233 931 1308 sed
950 1256 1026 1308 non
1043 1238 1194 1310 omuino
1216 1238 1304 1313 effe·

200 1417 202 1421 ¹
239 1333 315 1427 cit,
342 1335 442 1426 quod
458 1336 621 1411 volebat.
672 1334 843 1411 Similiter
857 1355 1003 1427 quoque
1023 1335 1120 1409 dices
1139 1337 1184 1412 de
1197 1339 1304 1414 tirno·
1332 1330 1342 1378 ¹

235 1453 279 1524 re
294 1437 336 1506 ac
349 1450 508 1508 tremore
521 1432 744 1529 superipsurn
758 1435 948 1507 veniente:
976 1456 1073 1527 qua,
1097 1436 1302 1531 quiaipsum
1344 1445 1347 1457 '

236 1548 453 1626 repererunt
468 1534 699 1631 vigilantem,
725 1534 813 1607 nihil
828 1529 1041 1612 effecerunt„
1082 1533 1301 1611 Contexer'unr
1384 1543 1403 1609 J

237 1655 334 1710 vero
358 1659 405 1706 me
430 1635 559 1706 tenebra
587 1634 697 1725 dixit,
727 1636 815 1726 quia
842 1640 974 1728 corpus
993 1634 1111 1730 animo
1134 1638 1300 1716 tenebras

237 1731 420 1827 offundit4
457 1734 601 1826 quando
624 1750 798 1827 peccator
824 1733 858 1807 dc
880 1735 1042 1808 inimicus
1065 1736 1302 1830 decl'aemtin

237 1855 297 1908 me
329 1833 485 1925 iniquam
519 1832 705 1908 adilonem.
756 1831 948 1918 Peccatum
982 1837 1075 1907 eninr
1109 1831 1301 1929 peceatum

214 1933 411 2025 -prolieit3
444 1931 556 2025 justus
577 1935 669 2007 uero
691 1931 788 2026 justo
810 1932 992 2008 adherens
1012 1932 1141 2025 justior
1162 1936 1296 2013 evadit.

238 2034 288 2106 Er
310 2038 349 2103 in
370 2040 422 2105 ira
440 2035 556 2131 molesti
579 2037 788 2132 erant-milri.
838 2033 910 2124 Hie
939 2033 1044 2107 etiam
1064 2051 1301 2126 peccatorum
1408 2047 1424 2131 j

235 2153 317 2207 mos
342 2130 419 2227 est,
454 2136 514 2224 qui
538 2133 741 2207 inimicitias
769 2153 846 2206 non
870 2132 1073 2225 impliciter
1103 2147 1299 2231 exercent,

234 2230 296 2306 sed
317 2235 355 2306 in
375 2233 546 2314 tenebris.
579 2231 727 2329 ipsoram
750 2251 843 2305 vero
866 2232 960 2306 idem
985 2230 1065 2323 est,
1097 2236 1196 2325 quod
1212 2235 1301 2325 inti·
1339 2305 1355 2316 „
1383 2265 1414 2292 ·’-

234 2332 329 2408 niam
348 2334 434 2406 iram
447 2325 595 2408 habere}
642 2332 804 2431 Quilibet
818 2332 954 2426 probus
975 2334 1083 2403 novit
1101 2334 1194 2408 aliud
1214 2332 1298 2424 eise,

233 2442 389 2525 peccare
421 2433 701 2529 cogitationibus
720 2428 864 2526 (quod
892 2430 926 2503 dr
947 2431 1138 2506 tolerabile
1157 2432 1235 2533 est)
1262 2434 1298 2508 dr

235 2532 355 2625 aliud,
380 2523 489 2605 rebus
508 2554 550 2626 ac
566 2531 688 2606 verbis
699 2527 824 2627 (quod
840 2530 875 2603 dt
891 2528 1128 2622 periculosum
1141 2534 1175 2605 tc
1186 2556 1298 2631 grave

235 2630 321 2727 est.)
374 2634 629 2729 Quapropter,
652 2629 836 2722 fi‘quando
855 2627 1190 2725 incogitationibus
1208 2653 1297 2707 con·
1372 2685 1374 2692 ·

235 2732 352 2827 tingat
375 2747 515 2806 motum
534 2733 596 2805 vel
613 2752 746 2805 noxam
761 2729 932 2824 existere,
958 2730 1034 2803 haec
1049 2731 1083 2800 in
1104 2728 1216 2825 seipso
1237 2754 1297 2806 cu·

234 2830 367 2922 studit,
393 2853 511 2923 neque
526 2836 676 2905 verbum
687 2830 850 2925 profert,
861 2829 963 2922 juxta
971 2845 1182 2924 peccatum,
1195 2835 1295 2924 quod
1383 2865 1392 2880 κ

234 2932 442 3006 inocculto
463 2929 526 3024 fit,
552 2953 670 3023 neque
685 2931 868 3023 complete
882 2923 1044 3025 perficit,
1071 2926 1182 3005 sciens
1196 2935 1296 3029 cogi·

233 3032 412 3114 tationem
435 3029 510 3104 elie
525 3033 729 3106 curabilemss
782 3029 895 3129 Quod
914 3049 1004 3103 vero
1024 3050 1194 3124 opereat
1212 3054 1295 3106 ver·

234 3131 292 3205 bis
309 3128 372 3222 lit,
401 3147 526 3204 curatu
544 3129 706 3223 difficile,
734 3128 999 3222 &quandoque
1013 3128 1209 3205 incurabile
1219 3133 1293 3206 exi-

207 3271 210 3278 ·
233 3228 305 3304 stit.
331 3229 473 3326 Idcirco
488 3232 557 3321 ait,
587 3234 648 3302 Cor
660 3253 760 3302 meum
775 3229 998 3324 conturbatum
1013 3229 1052 3325 ιβ
1070 3241 1106 3299 in
1120 3256 1176 3306 me.
1201 3231 1294 3309 Non

235 3332 328 3403 enim
351 3329 825 3424 turbationemen'untiavi,
852 3330 913 3400 vel
934 3325 1005 3400 feci
1024 3330 1214 3422 quidquam
1234 3335 1293 3408 ad·
1421 3381 1423 3386 =

231 3427 359 3507 versus
383 3451 486 3501 eum:
520 3431 605 3521 quin
626 3433 701 3504 imo
727 3450 808 3502 curn
829 3425 1143 3523 timor'ingrueret
1163 3436 1292 3508 mortis

231 3543 422 3621 peccatum
436 3527 699 3624 subsequentis,
720 3528 759 3603 in
778 3523 987 3619 memetipso
1000 3527 1099 3603 illum
1115 3533 1291 3610 continui.

233 3628 424 3725 Contingit
440 3630 534 3718 enim
553 3651 601 3703 ex
618 3629 722 3727 signis
736 3628 895 3703 externis
914 3627 1081 3714 timorem
1098 3650 1291 3726 apparere,

232 3726 267 3802 dt
287 3726 465 3802 ostensum
485 3731 560 3804 aliis
578 3728 837 3804 offendiculum
852 3723 944 3802 fieri.
992 3717 1085 3802 Illud
1104 3749 1218 3825 vero,
1246 3736 1292 3803 ri·

229 3854 301 3908 ‚mor
315 3828 355 3905 ab
371 3846 487 3900 tuentur
499 3835 761 3926 venarunrjuper
777 3853 842 3914 me,
868 3826 904 3904 (J
920 3844 1125 3901 contexerunt
1138 3852 1187 3900 me
1200 3846 1291 3904 teue-

225 3930 312 4023 ita,
337 3930 500 4017 humana
523 3942 659 4004 nature
681 3926 756 4105 esto,
773 3926 961 4022 patiendi,
985 3926 1229 4024 audendi,
1254 3927 1290 4008 tr
1360 3972 1364 3980 ·

270 4083 274 4088 .
360 4038 363 4044 ·
508 4040 516 4052 ’
642 4027 656 4052 “
783 4048 805 4101 2
1037 4067 1046 4084 ι
1103 4032 1280 4108 concii*
