<?xml version="1.0" encoding="UTF-8"?>
<!DOCTYPE html PUBLIC "-//W3C//DTD XHTML 1.0 Transitional//EN"
    "http://www.w3.org/TR/xhtml1/DTD/xhtml1-transitional.dtd">
<html xmlns="http://www.w3.org/1999/xhtml" xml:lang="en" lang="en">
 <head>
  <title>
</title>
<meta http-equiv="Content-Type" content="text/html;charset=utf-8" />
  <meta name='ocr-system' content='tesseract 3.04.00' />
  <meta name='ocr-capabilities' content='ocr_page ocr_carea ocr_par ocr_line ocrx_word'/>
</head>
<body>
  <div class='ocr_page' id='page_1' title='image "./operaomniasanct00unkngoog_0185.png"; bbox 0 0 3242 4609; ppageno 0'>
   <div class='ocr_carea' id='block_1_1' title="bbox 230 233 1420 420">
    <p class='ocr_par' dir='ltr' id='par_1_1' title="bbox 230 233 1420 424">
     <span class='ocr_line' id='line_1_1' title="bbox 230 233 1420 420; baseline -0.006 -36"><span class='ocrx_word' id='word_1_1' title='bbox 230 237 287 384; x_wconf 76' lang='lat' dir='ltr'>J⁵</span> <span class='ocrx_word' id='word_1_2' title='bbox 371 337 374 342; x_wconf 93' lang='lat'>-</span> <span class='ocrx_word' id='word_1_3' title='bbox 455 279 1155 420; x_wconf 74' lang='lat' dir='ltr'>srrncrnru&#39;rsnrmos.</span> <span class='ocrx_word' id='word_1_4' title='bbox 1212 251 1334 420; x_wconf 47' lang='grc' dir='ltr'>μς</span> <span class='ocrx_word' id='word_1_5' title='bbox 1416 233 1420 244; x_wconf 60' lang='lat'><em>„</em></span> 
     </span>
    </p>
   </div>
   <div class='ocr_carea' id='block_1_2' title="bbox 225 462 1432 3538">
    <p class='ocr_par' dir='ltr' id='par_1_2' title="bbox 239 462 1432 2444">
     <span class='ocr_line' id='line_1_2' title="bbox 265 462 1330 558; baseline 0.005 -18"><span class='ocrx_word' id='word_1_6' title='bbox 265 462 432 540; x_wconf 86' lang='lat' dir='ltr'>nondum</span> <span class='ocrx_word' id='word_1_7' title='bbox 452 462 629 557; x_wconf 67' lang='lat' dir='ltr'>perfectus</span> <span class='ocrx_word' id='word_1_8' title='bbox 656 462 756 540; x_wconf 65' lang='lat' dir='ltr'>sum..</span> <span class='ocrx_word' id='word_1_9' title='bbox 799 463 889 538; x_wconf 90' lang='lat' dir='ltr'>Cum</span> <span class='ocrx_word' id='word_1_10' title='bbox 914 481 1032 558; x_wconf 83' lang='lat' dir='ltr'>autern</span> <span class='ocrx_word' id='word_1_11' title='bbox 1057 468 1330 546; x_wconf 87' lang='lat' dir='ltr'>tabernaculum</span> 
     </span>
     <span class='ocr_line' id='line_1_3' title="bbox 268 551 1337 655; baseline 0.002 -17"><span class='ocrx_word' id='word_1_12' title='bbox 268 564 359 638; x_wconf 78' lang='lat' dir='ltr'>esset</span> <span class='ocrx_word' id='word_1_13' title='bbox 370 551 571 655; x_wconf 83' lang='lat' dir='ltr'>symbolum</span> <span class='ocrx_word' id='word_1_14' title='bbox 588 563 788 654; x_wconf 71' lang='lat' dir='ltr'>proserius,</span> <span class='ocrx_word' id='word_1_15' title='bbox 816 565 1065 638; x_wconf 84' lang='lat' dir='ltr'>admirabiliter</span> <span class='ocrx_word' id='word_1_16' title='bbox 1080 565 1196 637; x_wconf 87' lang='lat' dir='ltr'>tendit</span> <span class='ocrx_word' id='word_1_17' title='bbox 1207 567 1250 638; x_wconf 94' lang='lat' dir='ltr'>ad</span> <span class='ocrx_word' id='word_1_18' title='bbox 1263 568 1337 640; x_wconf 91' lang='lat' dir='ltr'>do·.</span> 
     </span>
     <span class='ocr_line' id='line_1_4' title="bbox 268 661 1330 757; baseline 0.002 -19"><span class='ocrx_word' id='word_1_19' title='bbox 268 685 368 738; x_wconf 88' lang='lat' dir='ltr'>mum</span> <span class='ocrx_word' id='word_1_20' title='bbox 384 663 475 754; x_wconf 86' lang='lat' dir='ltr'>Dei,</span> <span class='ocrx_word' id='word_1_21' title='bbox 501 661 628 754; x_wconf 90' lang='lat' dir='ltr'>idest,</span> <span class='ocrx_word' id='word_1_22' title='bbox 653 663 934 757; x_wconf 72' lang='lat' dir='ltr'>perfectionem,</span> <span class='ocrx_word' id='word_1_23' title='bbox 960 666 997 737; x_wconf 94' lang='lat' dir='ltr'>in</span> <span class='ocrx_word' id='word_1_24' title='bbox 1021 675 1090 756; x_wconf 81' lang='lat' dir='ltr'>qua</span> <span class='ocrx_word' id='word_1_25' title='bbox 1108 665 1210 737; x_wconf 86' lang='lat' dir='ltr'>Deus</span> <span class='ocrx_word' id='word_1_26' title='bbox 1232 667 1330 740; x_wconf 87' lang='lat' dir='ltr'>habi·</span> 
     </span>
     <span class='ocr_line' id='line_1_5' title="bbox 270 759 1331 856; baseline 0.009 -21"><span class='ocrx_word' id='word_1_27' title='bbox 270 777 326 835; x_wconf 90' lang='lat' dir='ltr'>tat</span> <span class='ocrx_word' id='word_1_28' title='bbox 352 783 393 834; x_wconf 90' lang='lat' dir='ltr'>ac</span> <span class='ocrx_word' id='word_1_29' title='bbox 413 759 668 835; x_wconf 77' lang='lat' dir='ltr'>commoratur.</span> <span class='ocrx_word' id='word_1_30' title='bbox 720 762 866 855; x_wconf 92' lang='lat' dir='ltr'>Porro,</span> <span class='ocrx_word' id='word_1_31' title='bbox 900 764 959 852; x_wconf 91' lang='lat' dir='ltr'>qui</span> <span class='ocrx_word' id='word_1_32' title='bbox 979 761 1179 856; x_wconf 86' lang='lat' dir='ltr'>spiritaliter</span> <span class='ocrx_word' id='word_1_33' title='bbox 1203 763 1331 844; x_wconf 85' lang='lat' dir='ltr'>festum</span> 
     </span>
     <span class='ocr_line' id='line_1_6' title="bbox 239 861 1336 953; baseline 0.003 -17"><span class='ocrx_word' id='word_1_34' title='bbox 239 865 477 953; x_wconf 69' lang='lat' dir='ltr'>celebrant,</span> <span class='ocrx_word' id='word_1_35' title='bbox 512 862 758 936; x_wconf 87' lang='lat' dir='ltr'>vociferantur</span> <span class='ocrx_word' id='word_1_36' title='bbox 791 865 991 936; x_wconf 89' lang='lat' dir='ltr'>exultantes</span> <span class='ocrx_word' id='word_1_37' title='bbox 1030 864 1064 934; x_wconf 77' lang='lat' dir='ltr'>dt</span> <span class='ocrx_word' id='word_1_38' title='bbox 1096 861 1336 941; x_wconf 87' lang='lat' dir='ltr'>confitentes.-</span> 
     </span>
     <span class='ocr_line' id='line_1_7' title="bbox 266 960 1330 1054; baseline 0.005 -21"><span class='ocrx_word' id='word_1_39' title='bbox 266 963 342 1034; x_wconf 87' lang='lat' dir='ltr'>Vel</span> <span class='ocrx_word' id='word_1_40' title='bbox 364 964 440 1034; x_wconf 92' lang='lat' dir='ltr'>hoc</span> <span class='ocrx_word' id='word_1_41' title='bbox 461 962 533 1031; x_wconf 86' lang='lat' dir='ltr'>ait:</span> <span class='ocrx_word' id='word_1_42' title='bbox 560 960 809 1054; x_wconf 90' lang='lat' dir='ltr'>Memetipsum</span> <span class='ocrx_word' id='word_1_43' title='bbox 832 961 1027 1036; x_wconf 89' lang='lat' dir='ltr'>istiusmodi</span> <span class='ocrx_word' id='word_1_44' title='bbox 1048 963 1174 1053; x_wconf 87' lang='lat' dir='ltr'><strong>spebus</strong></span> <span class='ocrx_word' id='word_1_45' title='bbox 1200 963 1330 1038; x_wconf 91' lang='lat' dir='ltr'>conso·</span> 
     </span>
     <span class='ocr_line' id='line_1_8' title="bbox 269 1060 1335 1157; baseline 0 -23"><span class='ocrx_word' id='word_1_46' title='bbox 269 1062 390 1141; x_wconf 79' lang='lat' dir='ltr'>labar,</span> <span class='ocrx_word' id='word_1_47' title='bbox 416 1060 554 1131; x_wconf 86' lang='lat' dir='ltr'>dicens:</span> <span class='ocrx_word' id='word_1_48' title='bbox 580 1064 811 1157; x_wconf 61' lang='lat' dir='ltr'>Quuretrrllr&#39;r</span> <span class='ocrx_word' id='word_1_49' title='bbox 834 1090 861 1130; x_wconf 89' lang='lat' dir='ltr'>es</span> <span class='ocrx_word' id='word_1_50' title='bbox 878 1087 985 1132; x_wconf 82' lang='lat' dir='ltr'>unrma</span> <span class='ocrx_word' id='word_1_51' title='bbox 1004 1067 1088 1132; x_wconf 84' lang='lat' dir='ltr'>mea?</span> <span class='ocrx_word' id='word_1_52' title='bbox 1113 1060 1335 1155; x_wconf 61' lang='lat' dir='ltr'>Exspeffllvi.</span> 
     </span>
     <span class='ocr_line' id='line_1_9' title="bbox 270 1158 1330 1252; baseline 0.001 -19"><span class='ocrx_word' id='word_1_53' title='bbox 270 1161 386 1250; x_wconf 89' lang='lat' dir='ltr'>enim,</span> <span class='ocrx_word' id='word_1_54' title='bbox 412 1174 455 1229; x_wconf 88' lang='lat' dir='ltr'>ut</span> <span class='ocrx_word' id='word_1_55' title='bbox 469 1182 525 1232; x_wconf 93' lang='lat' dir='ltr'>me</span> <span class='ocrx_word' id='word_1_56' title='bbox 538 1163 693 1252; x_wconf 86' lang='lat' dir='ltr'>excipiat</span> <span class='ocrx_word' id='word_1_57' title='bbox 709 1162 837 1234; x_wconf 90' lang='lat' dir='ltr'>beatus</span> <span class='ocrx_word' id='word_1_58' title='bbox 857 1158 961 1249; x_wconf 82' lang='lat' dir='ltr'>finis,</span> <span class='ocrx_word' id='word_1_59' title='bbox 988 1161 1192 1235; x_wconf 81' lang='lat' dir='ltr'>admirabile</span> <span class='ocrx_word' id='word_1_60' title='bbox 1212 1165 1330 1235; x_wconf 90' lang='lat' dir='ltr'>taber-</span> 
     </span>
     <span class='ocr_line' id='line_1_10' title="bbox 269 1257 1381 1353; baseline 0.002 -20"><span class='ocrx_word' id='word_1_61' title='bbox 269 1257 438 1333; x_wconf 88' lang='lat' dir='ltr'>naculum</span> <span class='ocrx_word' id='word_1_62' title='bbox 456 1258 545 1353; x_wconf 86' lang='lat' dir='ltr'>Dei,</span> <span class='ocrx_word' id='word_1_63' title='bbox 573 1261 767 1332; x_wconf 89' lang='lat' dir='ltr'>&amp;interior</span> <span class='ocrx_word' id='word_1_64' title='bbox 782 1261 909 1334; x_wconf 88' lang='lat' dir='ltr'>domus</span> <span class='ocrx_word' id='word_1_65' title='bbox 929 1262 1026 1353; x_wconf 88' lang='lat' dir='ltr'>ejus,</span> <span class='ocrx_word' id='word_1_66' title='bbox 1052 1260 1088 1333; x_wconf 95' lang='lat' dir='ltr'>in</span> <span class='ocrx_word' id='word_1_67' title='bbox 1102 1281 1205 1351; x_wconf 92' lang='lat' dir='ltr'>quarn</span> <span class='ocrx_word' id='word_1_68' title='bbox 1223 1259 1332 1334; x_wconf 72' lang='lat' dir='ltr'>sardii</span> <span class='ocrx_word' id='word_1_69' title='bbox 1379 1288 1381 1292; x_wconf 91' lang='lat'>·</span> 
     </span>
     <span class='ocr_line' id='line_1_11' title="bbox 272 1353 1333 1459; baseline 0.003 -28"><span class='ocrx_word' id='word_1_70' title='bbox 272 1364 317 1433; x_wconf 82' lang='lat' dir='ltr'>ab</span> <span class='ocrx_word' id='word_1_71' title='bbox 338 1353 505 1453; x_wconf 81' lang='lat' dir='ltr'>angelicis</span> <span class='ocrx_word' id='word_1_72' title='bbox 522 1361 715 1432; x_wconf 87' lang='lat' dir='ltr'>virtutibus</span> <span class='ocrx_word' id='word_1_73' title='bbox 731 1362 864 1433; x_wconf 86' lang='lat' dir='ltr'>elevati</span> <span class='ocrx_word' id='word_1_74' title='bbox 877 1361 1167 1435; x_wconf 87' lang='lat' dir='ltr'>introducentur.</span> <span class='ocrx_word' id='word_1_75' title='bbox 1218 1360 1333 1459; x_wconf 88' lang='lat' dir='ltr'>Quod</span> 
     </span>
     <span class='ocr_line' id='line_1_12' title="bbox 269 1459 1403 1556; baseline -0.003 -23"><span class='ocrx_word' id='word_1_76' title='bbox 269 1459 296 1533; x_wconf 85' lang='lat' dir='ltr'>fi</span> <span class='ocrx_word' id='word_1_77' title='bbox 320 1480 412 1530; x_wconf 84' lang='lat' dir='ltr'>vero</span> <span class='ocrx_word' id='word_1_78' title='bbox 427 1461 575 1549; x_wconf 80' lang='lat' dir='ltr'>goudium</span> <span class='ocrx_word' id='word_1_79' title='bbox 584 1462 629 1553; x_wconf 73' lang='lat' dir='ltr'>fir</span> <span class='ocrx_word' id='word_1_80' title='bbox 645 1486 681 1528; x_wconf 86' lang='lat' dir='ltr'>m</span> <span class='ocrx_word' id='word_1_81' title='bbox 700 1464 767 1529; x_wconf 85' lang='lat' dir='ltr'>coelo</span> <span class='ocrx_word' id='word_1_82' title='bbox 787 1462 876 1555; x_wconf 76' lang='lat' dir='ltr'>super</span> <span class='ocrx_word' id='word_1_83' title='bbox 893 1469 964 1530; x_wconf 82' lang='lat' dir='ltr'>&#39;uno</span> <span class='ocrx_word' id='word_1_84' title='bbox 979 1475 1153 1556; x_wconf 77' lang='lat' dir='ltr'>peccatore,</span> <span class='ocrx_word' id='word_1_85' title='bbox 1175 1464 1332 1554; x_wconf 57' lang='lat' dir='ltr'>penitere*</span> <span class='ocrx_word' id='word_1_86' title='bbox 1400 1465 1403 1474; x_wconf 88' lang='lat'>&#39;</span> 
     </span>
     <span class='ocr_line' id='line_1_13' title="bbox 272 1556 1333 1652; baseline 0.003 -23"><span class='ocrx_word' id='word_1_87' title='bbox 272 1563 351 1629; x_wconf 75' lang='lat' dir='ltr'>riam</span> <span class='ocrx_word' id='word_1_88' title='bbox 369 1577 498 1648; x_wconf 79' lang='lat' dir='ltr'>agenre3</span> <span class='ocrx_word' id='word_1_89' title='bbox 526 1577 589 1629; x_wconf 90' lang='lat' dir='ltr'>cur</span> <span class='ocrx_word' id='word_1_90' title='bbox 607 1579 682 1630; x_wconf 94' lang='lat' dir='ltr'>non</span> <span class='ocrx_word' id='word_1_91' title='bbox 700 1561 854 1650; x_wconf 88' lang='lat' dir='ltr'>merito,</span> <span class='ocrx_word' id='word_1_92' title='bbox 880 1560 961 1632; x_wconf 90' lang='lat' dir='ltr'>dum</span> <span class='ocrx_word' id='word_1_93' title='bbox 978 1559 1059 1652; x_wconf 90' lang='lat' dir='ltr'>post</span> <span class='ocrx_word' id='word_1_94' title='bbox 1072 1556 1199 1632; x_wconf 83' lang='lat' dir='ltr'>luttam</span> <span class='ocrx_word' id='word_1_95' title='bbox 1216 1559 1333 1632; x_wconf 85' lang='lat' dir='ltr'>anima</span> 
     </span>
     <span class='ocr_line' id='line_1_14' title="bbox 269 1655 1333 1749; baseline 0.002 -19"><span class='ocrx_word' id='word_1_96' title='bbox 269 1660 307 1730; x_wconf 89' lang='lat' dir='ltr'>in</span> <span class='ocrx_word' id='word_1_97' title='bbox 323 1655 439 1730; x_wconf 72' lang='lat' dir='ltr'>santia</span> <span class='ocrx_word' id='word_1_98' title='bbox 457 1658 515 1729; x_wconf 91' lang='lat' dir='ltr'>illa</span> <span class='ocrx_word' id='word_1_99' title='bbox 530 1656 682 1730; x_wconf 89' lang='lat' dir='ltr'>coelestia</span> <span class='ocrx_word' id='word_1_100' title='bbox 702 1659 964 1749; x_wconf 85' lang='lat' dir='ltr'>introducitur,</span> <span class='ocrx_word' id='word_1_101' title='bbox 992 1679 1069 1734; x_wconf 81' lang='lat' dir='ltr'>vox</span> <span class='ocrx_word' id='word_1_102' title='bbox 1085 1656 1148 1731; x_wconf 89' lang='lat' dir='ltr'>fiat</span> <span class='ocrx_word' id='word_1_103' title='bbox 1170 1660 1333 1732; x_wconf 76' lang='lat' dir='ltr'>exultan-</span> 
     </span>
     <span class='ocr_line' id='line_1_15' title="bbox 271 1754 1432 1852; baseline 0.002 -23"><span class='ocrx_word' id='word_1_104' title='bbox 271 1758 318 1829; x_wconf 91' lang='lat' dir='ltr'>tis</span> <span class='ocrx_word' id='word_1_105' title='bbox 342 1754 524 1827; x_wconf 86' lang='lat' dir='ltr'>&amp;festum</span> <span class='ocrx_word' id='word_1_106' title='bbox 548 1759 760 1829; x_wconf 85' lang='lat' dir='ltr'>celebrantis</span> <span class='ocrx_word' id='word_1_107' title='bbox 783 1760 1040 1851; x_wconf 89' lang='lat' dir='ltr'>multitudinis,</span> <span class='ocrx_word' id='word_1_108' title='bbox 1069 1771 1222 1851; x_wconf 89' lang='lat' dir='ltr'>propter</span> <span class='ocrx_word' id='word_1_109' title='bbox 1245 1755 1334 1830; x_wconf 89' lang='lat' dir='ltr'>salu·</span> <span class='ocrx_word' id='word_1_110' title='bbox 1412 1780 1432 1852; x_wconf 68' lang='lat'>.&#39;</span> 
     </span>
     <span class='ocr_line' id='line_1_16' title="bbox 271 1854 1411 1954; baseline 0 -25"><span class='ocrx_word' id='word_1_111' title='bbox 271 1871 347 1929; x_wconf 86' lang='lat' dir='ltr'>tem</span> <span class='ocrx_word' id='word_1_112' title='bbox 363 1854 463 1946; x_wconf 87' lang='lat' dir='ltr'>ejus,¹</span> <span class='ocrx_word' id='word_1_113' title='bbox 488 1855 548 1946; x_wconf 89' lang='lat' dir='ltr'>qui</span> <span class='ocrx_word' id='word_1_114' title='bbox 565 1856 746 1950; x_wconf 72' lang='lat' dir='ltr'>salvatur?</span> <span class='ocrx_word' id='word_1_115' title='bbox 771 1856 843 1932; x_wconf 94' lang='lat' dir='ltr'>Pro</span> <span class='ocrx_word' id='word_1_116' title='bbox 864 1859 918 1930; x_wconf 87' lang='lat' dir='ltr'>his</span> <span class='ocrx_word' id='word_1_117' title='bbox 939 1859 1069 1954; x_wconf 86' lang='lat' dir='ltr'>igitur,</span> <span class='ocrx_word' id='word_1_118' title='bbox 1095 1871 1137 1928; x_wconf 90' lang='lat' dir='ltr'>ut</span> <span class='ocrx_word' id='word_1_119' title='bbox 1152 1859 1248 1929; x_wconf 91' lang='lat' dir='ltr'>veris</span> <span class='ocrx_word' id='word_1_120' title='bbox 1267 1858 1334 1929; x_wconf 93' lang='lat' dir='ltr'>bo·</span> <span class='ocrx_word' id='word_1_121' title='bbox 1408 1859 1411 1870; x_wconf 90' lang='lat'>&#39;</span> 
     </span>
     <span class='ocr_line' id='line_1_17' title="bbox 268 1955 1339 2053; baseline 0.002 -24"><span class='ocrx_word' id='word_1_122' title='bbox 268 1958 349 2046; x_wconf 87' lang='lat' dir='ltr'>nis,</span> <span class='ocrx_word' id='word_1_123' title='bbox 376 1956 504 2049; x_wconf 85' lang='lat' dir='ltr'>gratias</span> <span class='ocrx_word' id='word_1_124' title='bbox 518 1957 600 2050; x_wconf 85' lang='lat' dir='ltr'>agit.</span> <span class='ocrx_word' id='word_1_125' title='bbox 636 1958 861 2053; x_wconf 75' lang='lat' dir='ltr'>Quarerristis</span> <span class='ocrx_word' id='word_1_126' title='bbox 876 1955 936 2032; x_wconf 78' lang='lat' dir='ltr'>es?</span> <span class='ocrx_word' id='word_1_127' title='bbox 963 1960 1029 2033; x_wconf 80' lang='lat' dir='ltr'>&amp;c</span> <span class='ocrx_word' id='word_1_128' title='bbox 1056 1955 1114 2028; x_wconf 89' lang='lat' dir='ltr'>Sic</span> <span class='ocrx_word' id='word_1_129' title='bbox 1126 1956 1232 2051; x_wconf 82' lang='lat' dir='ltr'>igitur</span> <span class='ocrx_word' id='word_1_130' title='bbox 1247 1976 1339 2031; x_wconf 70' lang='lat' dir='ltr'>nos.</span> 
     </span>
     <span class='ocr_line' id='line_1_18' title="bbox 269 2052 1361 2151; baseline 0 -21"><span class='ocrx_word' id='word_1_131' title='bbox 269 2052 442 2149; x_wconf 85' lang='lat' dir='ltr'>metipsos</span> <span class='ocrx_word' id='word_1_132' title='bbox 456 2053 615 2127; x_wconf 86' lang='lat' dir='ltr'>tristes&amp;</span> <span class='ocrx_word' id='word_1_133' title='bbox 630 2058 867 2129; x_wconf 87' lang='lat' dir='ltr'>conturbatos</span> <span class='ocrx_word' id='word_1_134' title='bbox 881 2057 1117 2149; x_wconf 84' lang='lat' dir='ltr'>increpemus.</span> <span class='ocrx_word' id='word_1_135' title='bbox 1138 2056 1331 2151; x_wconf 80' lang='lat' dir='ltr'>&#39;Quoniam</span> <span class='ocrx_word' id='word_1_136' title='bbox 1359 2082 1361 2088; x_wconf 93' lang='lat'>·</span> 
     </span>
     <span class='ocr_line' id='line_1_19' title="bbox 270 2152 1333 2248; baseline -0.001 -22"><span class='ocrx_word' id='word_1_137' title='bbox 270 2154 373 2226; x_wconf 89' lang='lat' dir='ltr'>Deus</span> <span class='ocrx_word' id='word_1_138' title='bbox 391 2152 513 2226; x_wconf 86' lang='lat' dir='ltr'>noster</span> <span class='ocrx_word' id='word_1_139' title='bbox 534 2154 585 2225; x_wconf 89' lang='lat' dir='ltr'>est</span> <span class='ocrx_word' id='word_1_140' title='bbox 606 2153 756 2228; x_wconf 89' lang='lat' dir='ltr'>salutare</span> <span class='ocrx_word' id='word_1_141' title='bbox 774 2158 897 2229; x_wconf 89' lang='lat' dir='ltr'>vultus</span> <span class='ocrx_word' id='word_1_142' title='bbox 916 2157 1051 2248; x_wconf 91' lang='lat' dir='ltr'>nostri,</span> <span class='ocrx_word' id='word_1_143' title='bbox 1079 2153 1222 2245; x_wconf 87' lang='lat' dir='ltr'>quando</span> <span class='ocrx_word' id='word_1_144' title='bbox 1241 2153 1333 2225; x_wconf 80' lang='lat' dir='ltr'>reve-</span> 
     </span>
     <span class='ocr_line' id='line_1_20' title="bbox 270 2253 1344 2352; baseline -0.003 -26"><span class='ocrx_word' id='word_1_145' title='bbox 270 2258 340 2326; x_wconf 77' lang='lat' dir='ltr'>lara</span> <span class='ocrx_word' id='word_1_146' title='bbox 353 2253 442 2345; x_wconf 79' lang='lat' dir='ltr'>forie</span> <span class='ocrx_word' id='word_1_147' title='bbox 463 2259 596 2345; x_wconf 83' lang='lat' dir='ltr'>gloriam</span> <span class='ocrx_word' id='word_1_148' title='bbox 616 2260 750 2326; x_wconf 80' lang='lat' dir='ltr'>Domini</span> <span class='ocrx_word' id='word_1_149' title='bbox 768 2255 983 2352; x_wconf 76' lang='lat' dir='ltr'>speculanter,</span> <span class='ocrx_word' id='word_1_150' title='bbox 1008 2263 1046 2325; x_wconf 84' lang='lat' dir='ltr'>in</span> <span class='ocrx_word' id='word_1_151' title='bbox 1065 2257 1198 2326; x_wconf 83' lang='lat' dir='ltr'>eamdem</span> <span class='ocrx_word' id='word_1_152' title='bbox 1222 2258 1344 2348; x_wconf 53' lang='lat' dir='ltr'>imagi-1</span> 
     </span>
     <span class='ocr_line' id='line_1_21' title="bbox 272 2352 1363 2444; baseline -0.003 -19"><span class='ocrx_word' id='word_1_153' title='bbox 272 2352 640 2444; x_wconf 71' lang='lat' dir='ltr'>memtransformamur.</span> <span class='ocrx_word' id='word_1_154' title='bbox 1361 2415 1363 2422; x_wconf 89' lang='grc'><em>,</em></span> 
     </span>
    </p>

    <p class='ocr_par' dir='ltr' id='par_1_3' title="bbox 225 2452 1406 3444">
     <span class='ocr_line' id='line_1_22' title="bbox 354 2452 1336 2549; baseline -0.004 -25"><span class='ocrx_word' id='word_1_155' title='bbox 354 2455 518 2549; x_wconf 79' lang='lat' dir='ltr'>Propterea</span> <span class='ocrx_word' id='word_1_156' title='bbox 544 2462 807 2526; x_wconf 66' lang='lat' dir='ltr'>memorentur·</span> <span class='ocrx_word' id='word_1_157' title='bbox 830 2456 866 2524; x_wconf 84' lang='lat' dir='ltr'>de</span> <span class='ocrx_word' id='word_1_158' title='bbox 891 2471 978 2534; x_wconf 84' lang='lat' dir='ltr'>terra</span> <span class='ocrx_word' id='word_1_159' title='bbox 1002 2456 1159 2549; x_wconf 81' lang='lat' dir='ltr'>Jordom&#39;s</span> <span class='ocrx_word' id='word_1_160' title='bbox 1186 2452 1225 2529; x_wconf 63' lang='lat' dir='ltr'>ds</span> <span class='ocrx_word' id='word_1_161' title='bbox 1249 2456 1336 2522; x_wconf 85' lang='lat' dir='ltr'>Her·</span> 
     </span>
     <span class='ocr_line' id='line_1_23' title="bbox 225 2547 1406 2650; baseline -0.003 -26"><span class='ocrx_word' id='word_1_162' title='bbox 225 2641 227 2650; x_wconf 28' lang='grc' dir='ltr'>Ι</span> <span class='ocrx_word' id='word_1_163' title='bbox 272 2558 406 2624; x_wconf 68' lang='lat' dir='ltr'>mensim</span> <span class='ocrx_word' id='word_1_164' title='bbox 421 2579 441 2623; x_wconf 84' lang='lat' dir='ltr'>a</span> <span class='ocrx_word' id='word_1_165' title='bbox 457 2571 559 2623; x_wconf 79' lang='lat' dir='ltr'>moure</span> <span class='ocrx_word' id='word_1_166' title='bbox 575 2553 796 2645; x_wconf 55' lang='lat' dir='ltr'>modicum]</span> <span class='ocrx_word' id='word_1_167' title='bbox 822 2553 1000 2647; x_wconf 88' lang='lat' dir='ltr'>Jordanis,</span> <span class='ocrx_word' id='word_1_168' title='bbox 1019 2550 1223 2638; x_wconf 84' lang='lat' dir='ltr'>descensus3</span> <span class='ocrx_word' id='word_1_169' title='bbox 1243 2550 1336 2622; x_wconf 75' lang='grc' dir='ltr'>Ηετ-Ι</span> <span class='ocrx_word' id='word_1_170' title='bbox 1383 2547 1406 2634; x_wconf 65' lang='lat' dir='ltr'><em>J</em></span> 
     </span>
     <span class='ocr_line' id='line_1_24' title="bbox 271 2652 1335 2745; baseline -0.008 -17"><span class='ocrx_word' id='word_1_171' title='bbox 271 2652 450 2745; x_wconf 89' lang='lat' dir='ltr'>moniim,</span> <span class='ocrx_word' id='word_1_172' title='bbox 490 2655 685 2728; x_wconf 86' lang='lat' dir='ltr'>anathema.</span> <span class='ocrx_word' id='word_1_173' title='bbox 737 2653 835 2726; x_wconf 90' lang='lat' dir='ltr'>Dum</span> <span class='ocrx_word' id='word_1_174' title='bbox 873 2654 909 2723; x_wconf 92' lang='lat' dir='ltr'>in</span> <span class='ocrx_word' id='word_1_175' title='bbox 942 2654 1149 2724; x_wconf 88' lang='lat' dir='ltr'>memoriam</span> <span class='ocrx_word' id='word_1_176' title='bbox 1178 2659 1335 2721; x_wconf 89' lang='lat' dir='ltr'>revocat</span> 
     </span>
     <span class='ocr_line' id='line_1_25' title="bbox 273 2747 1338 2850; baseline -0.007 -24"><span class='ocrx_word' id='word_1_177' title='bbox 273 2752 512 2844; x_wconf 80' lang='lat' dir='ltr'>miraculum,</span> <span class='ocrx_word' id='word_1_178' title='bbox 538 2754 634 2843; x_wconf 91' lang='lat' dir='ltr'>quod</span> <span class='ocrx_word' id='word_1_179' title='bbox 653 2753 714 2826; x_wconf 88' lang='lat' dir='ltr'>sub</span> <span class='ocrx_word' id='word_1_180' title='bbox 729 2751 809 2850; x_wconf 88' lang='lat' dir='ltr'>Jesu</span> <span class='ocrx_word' id='word_1_181' title='bbox 823 2752 931 2824; x_wconf 89' lang='lat' dir='ltr'>Nave</span> <span class='ocrx_word' id='word_1_182' title='bbox 950 2749 1078 2824; x_wconf 73' lang='lat' dir='ltr'>fabium</span> <span class='ocrx_word' id='word_1_183' title='bbox 1092 2748 1193 2823; x_wconf 91' lang='lat' dir='ltr'>estin</span> <span class='ocrx_word' id='word_1_184' title='bbox 1210 2747 1338 2843; x_wconf 90' lang='lat' dir='ltr'>Jorda-</span> 
     </span>
     <span class='ocr_line' id='line_1_26' title="bbox 274 2844 1398 2945; baseline -0.007 -20"><span class='ocrx_word' id='word_1_185' title='bbox 274 2874 349 2943; x_wconf 90' lang='lat' dir='ltr'>ne,</span> <span class='ocrx_word' id='word_1_186' title='bbox 376 2852 521 2940; x_wconf 88' lang='lat' dir='ltr'>quando</span> <span class='ocrx_word' id='word_1_187' title='bbox 548 2850 657 2924; x_wconf 86' lang='lat' dir='ltr'>divisa</span> <span class='ocrx_word' id='word_1_188' title='bbox 677 2852 729 2926; x_wconf 90' lang='lat' dir='ltr'>est</span> <span class='ocrx_word' id='word_1_189' title='bbox 747 2874 857 2945; x_wconf 85' lang='lat' dir='ltr'>aqua,</span> <span class='ocrx_word' id='word_1_190' title='bbox 885 2853 1004 2925; x_wconf 92' lang='lat' dir='ltr'>donec</span> <span class='ocrx_word' id='word_1_191' title='bbox 1021 2849 1170 2930; x_wconf 86' lang='lat' dir='ltr'>fluvium</span> <span class='ocrx_word' id='word_1_192' title='bbox 1191 2844 1338 2920; x_wconf 88' lang='lat' dir='ltr'>transris·</span> <span class='ocrx_word' id='word_1_193' title='bbox 1393 2922 1398 2934; x_wconf 16' lang='lat' dir='ltr'>p</span> 
     </span>
     <span class='ocr_line' id='line_1_27' title="bbox 273 2950 1336 3045; baseline -0.005 -20"><span class='ocrx_word' id='word_1_194' title='bbox 273 2950 327 3025; x_wconf 86' lang='lat' dir='ltr'>set</span> <span class='ocrx_word' id='word_1_195' title='bbox 350 2953 528 3045; x_wconf 89' lang='lat' dir='ltr'>populus,</span> <span class='ocrx_word' id='word_1_196' title='bbox 556 2952 590 3024; x_wconf 80' lang='lat' dir='ltr'>dr</span> <span class='ocrx_word' id='word_1_197' title='bbox 610 2953 719 3043; x_wconf 90' lang='lat' dir='ltr'>illud,</span> <span class='ocrx_word' id='word_1_198' title='bbox 753 2952 853 3043; x_wconf 91' lang='lat' dir='ltr'>quod</span> <span class='ocrx_word' id='word_1_199' title='bbox 877 2952 919 3023; x_wconf 88' lang='lat' dir='ltr'>ad</span> <span class='ocrx_word' id='word_1_200' title='bbox 943 2951 1148 3042; x_wconf 89' lang='lat' dir='ltr'>proximum</span> <span class='ocrx_word' id='word_1_201' title='bbox 1171 2960 1336 3022; x_wconf 89' lang='lat' dir='ltr'>montem</span> 
     </span>
     <span class='ocr_line' id='line_1_28' title="bbox 275 3043 1337 3145; baseline -0.002 -24"><span class='ocrx_word' id='word_1_202' title='bbox 275 3050 458 3145; x_wconf 88' lang='lat' dir='ltr'>contigit,</span> <span class='ocrx_word' id='word_1_203' title='bbox 485 3050 629 3123; x_wconf 92' lang='lat' dir='ltr'>videtur</span> <span class='ocrx_word' id='word_1_204' title='bbox 651 3051 839 3124; x_wconf 87' lang='lat' dir='ltr'>tristitia&amp;</span> <span class='ocrx_word' id='word_1_205' title='bbox 862 3051 992 3124; x_wconf 92' lang='lat' dir='ltr'>dolore</span> <span class='ocrx_word' id='word_1_206' title='bbox 1015 3047 1129 3126; x_wconf 85' lang='lat' dir='ltr'>affici,</span> <span class='ocrx_word' id='word_1_207' title='bbox 1154 3046 1253 3139; x_wconf 89' lang='lat' dir='ltr'>quod</span> <span class='ocrx_word' id='word_1_208' title='bbox 1273 3043 1337 3137; x_wconf 89' lang='lat' dir='ltr'>ipli</span> 
     </span>
     <span class='ocr_line' id='line_1_29' title="bbox 273 3146 1336 3246; baseline -0.001 -25"><span class='ocrx_word' id='word_1_209' title='bbox 273 3168 354 3221; x_wconf 94' lang='lat' dir='ltr'>non</span> <span class='ocrx_word' id='word_1_210' title='bbox 375 3149 520 3238; x_wconf 80' lang='lat' dir='ltr'>erdem,</span> <span class='ocrx_word' id='word_1_211' title='bbox 547 3170 624 3241; x_wconf 86' lang='lat' dir='ltr'>quae</span> <span class='ocrx_word' id='word_1_212' title='bbox 642 3152 691 3224; x_wconf 90' lang='lat' dir='ltr'>illi</span> <span class='ocrx_word' id='word_1_213' title='bbox 713 3153 879 3246; x_wconf 92' lang='lat' dir='ltr'>populo,</span> <span class='ocrx_word' id='word_1_214' title='bbox 906 3152 1071 3244; x_wconf 87' lang='lat' dir='ltr'>obtingat</span> <span class='ocrx_word' id='word_1_215' title='bbox 1093 3146 1336 3240; x_wconf 87' lang='lat' dir='ltr'>providentia.</span> 
     </span>
     <span class='ocr_line' id='line_1_30' title="bbox 274 3239 1339 3339; baseline -0.007 -18"><span class='ocrx_word' id='word_1_216' title='bbox 274 3248 566 3326; x_wconf 72' lang='lat' dir='ltr'>Fortallis,.etiam</span> <span class='ocrx_word' id='word_1_217' title='bbox 583 3250 740 3339; x_wconf 78' lang='lat' dir='ltr'>quedam</span> <span class='ocrx_word' id='word_1_218' title='bbox 760 3270 902 3326; x_wconf 86' lang='lat' dir='ltr'>morum</span> <span class='ocrx_word' id='word_1_219' title='bbox 921 3248 1180 3339; x_wconf 78' lang='lat' dir='ltr'>affeuuumque</span> <span class='ocrx_word' id='word_1_220' title='bbox 1197 3239 1339 3339; x_wconf 81' lang='lat' dir='ltr'>expres·</span> 
     </span>
     <span class='ocr_line' id='line_1_31' title="bbox 273 3346 1326 3444; baseline -0.003 -23"><span class='ocrx_word' id='word_1_221' title='bbox 273 3347 326 3421; x_wconf 83' lang='lat' dir='ltr'>sto</span> <span class='ocrx_word' id='word_1_222' title='bbox 339 3346 392 3420; x_wconf 92' lang='lat' dir='ltr'>est</span> <span class='ocrx_word' id='word_1_223' title='bbox 411 3350 532 3420; x_wconf 88' lang='lat' dir='ltr'>animae</span> <span class='ocrx_word' id='word_1_224' title='bbox 551 3369 632 3421; x_wconf 90' lang='lat' dir='ltr'>cum</span> <span class='ocrx_word' id='word_1_225' title='bbox 648 3348 723 3444; x_wconf 91' lang='lat' dir='ltr'>ipso</span> <span class='ocrx_word' id='word_1_226' title='bbox 741 3349 996 3440; x_wconf 85' lang='lat' dir='ltr'>colloquentis.</span> <span class='ocrx_word' id='word_1_227' title='bbox 1068 3369 1070 3374; x_wconf 88' lang='lat'>·</span> <span class='ocrx_word' id='word_1_228' title='bbox 1323 3427 1326 3434; x_wconf 54' lang='grc'><em>,</em></span> 
     </span>
    </p>

    <p class='ocr_par' dir='ltr' id='par_1_4' title="bbox 355 3440 1340 3538">
     <span class='ocr_line' id='line_1_32' title="bbox 355 3440 1340 3538; baseline -0.004 -19"><span class='ocrx_word' id='word_1_229' title='bbox 355 3452 394 3519; x_wconf 80' lang='lat' dir='ltr'>ln</span> <span class='ocrx_word' id='word_1_230' title='bbox 416 3450 465 3517; x_wconf 81' lang='lat' dir='ltr'>die</span> <span class='ocrx_word' id='word_1_231' title='bbox 483 3452 648 3519; x_wconf 76' lang='lat' dir='ltr'>mandabit</span> <span class='ocrx_word' id='word_1_232' title='bbox 660 3453 819 3519; x_wconf 83' lang='lat' dir='ltr'>Dominus</span> <span class='ocrx_word' id='word_1_233' title='bbox 831 3446 1091 3538; x_wconf 62' lang='lat' dir='ltr'>mifiricordiam,</span> <span class='ocrx_word' id='word_1_234' title='bbox 1115 3445 1154 3522; x_wconf 71' lang='lat'>(5</span> <span class='ocrx_word' id='word_1_235' title='bbox 1170 3440 1259 3515; x_wconf 67' lang='lat' dir='ltr'>nodie</span> <span class='ocrx_word' id='word_1_236' title='bbox 1271 3468 1340 3515; x_wconf 83' lang='lat' dir='ltr'>ma-</span> 
     </span>
    </p>
   </div>
   <div class='ocr_carea' id='block_1_3' title="bbox 275 3543 1341 3941">
    <p class='ocr_par' dir='ltr' id='par_1_5' title="bbox 275 3543 1341 3941">
     <span class='ocr_line' id='line_1_33' title="bbox 275 3543 1341 3645; baseline -0.006 -25"><span class='ocrx_word' id='word_1_237' title='bbox 275 3547 460 3645; x_wconf 71' lang='lat' dir='ltr'>nifestabit,</span> <span class='ocrx_word' id='word_1_238' title='bbox 485 3545 572 3641; x_wconf 69' lang='lat' dir='ltr'>luc]</span> <span class='ocrx_word' id='word_1_239' title='bbox 599 3546 758 3622; x_wconf 89' lang='lat' dir='ltr'>Rabsace</span> <span class='ocrx_word' id='word_1_240' title='bbox 774 3550 861 3621; x_wconf 85' lang='lat' dir='ltr'>olim</span> <span class='ocrx_word' id='word_1_241' title='bbox 876 3544 1068 3640; x_wconf 80' lang='lat' dir='ltr'>Jerusalem</span> <span class='ocrx_word' id='word_1_242' title='bbox 1087 3544 1286 3634; x_wconf 81' lang='lat' dir='ltr'>obsidente,</span> <span class='ocrx_word' id='word_1_243' title='bbox 1304 3543 1341 3615; x_wconf 87' lang='lat'>&amp;</span> 
     </span>
     <span class='ocr_line' id='line_1_34' title="bbox 275 3641 1338 3741; baseline -0.009 -19"><span class='ocrx_word' id='word_1_244' title='bbox 275 3644 529 3722; x_wconf 89' lang='lat' dir='ltr'>universorum</span> <span class='ocrx_word' id='word_1_245' title='bbox 541 3647 689 3741; x_wconf 88' lang='lat' dir='ltr'>Deum,</span> <span class='ocrx_word' id='word_1_246' title='bbox 726 3648 924 3739; x_wconf 70' lang='lat' dir='ltr'>qualrillos</span> <span class='ocrx_word' id='word_1_247' title='bbox 949 3644 1085 3717; x_wconf 85' lang='lat' dir='ltr'>salvare</span> <span class='ocrx_word' id='word_1_248' title='bbox 1107 3665 1183 3715; x_wconf 91' lang='lat' dir='ltr'>non</span> <span class='ocrx_word' id='word_1_249' title='bbox 1199 3641 1338 3735; x_wconf 86' lang='lat' dir='ltr'>posset,</span> 
     </span>
     <span class='ocr_line' id='line_1_35' title="bbox 275 3745 1341 3843; baseline -0.007 -22"><span class='ocrx_word' id='word_1_250' title='bbox 275 3746 568 3839; x_wconf 86' lang='lat' dir='ltr'>blasphemante,</span> <span class='ocrx_word' id='word_1_251' title='bbox 599 3768 670 3821; x_wconf 91' lang='lat' dir='ltr'>una</span> <span class='ocrx_word' id='word_1_252' title='bbox 694 3748 796 3843; x_wconf 87' lang='lat' dir='ltr'>plaga</span> <span class='ocrx_word' id='word_1_253' title='bbox 814 3745 925 3819; x_wconf 69' lang='lat' dir='ltr'>nottu</span> <span class='ocrx_word' id='word_1_254' title='bbox 950 3747 1165 3830; x_wconf 86' lang='lat' dir='ltr'>interierunt</span> <span class='ocrx_word' id='word_1_255' title='bbox 1189 3757 1341 3814; x_wconf 89' lang='lat' dir='ltr'>centurn</span> 
     </span>
     <span class='ocr_line' id='line_1_36' title="bbox 278 3835 1340 3941; baseline -0.01 -21"><span class='ocrx_word' id='word_1_256' title='bbox 278 3846 466 3941; x_wconf 71' lang='lat' dir='ltr'>octoginta</span> <span class='ocrx_word' id='word_1_257' title='bbox 487 3848 642 3936; x_wconf 87' lang='lat' dir='ltr'>quinque</span> <span class='ocrx_word' id='word_1_258' title='bbox 667 3848 777 3923; x_wconf 88' lang='lat' dir='ltr'>millia</span> <span class='ocrx_word' id='word_1_259' title='bbox 792 3843 1044 3936; x_wconf 86' lang='lat' dir='ltr'>Assyriorum,</span> <span class='ocrx_word' id='word_1_260' title='bbox 1077 3842 1242 3933; x_wconf 90' lang='lat' dir='ltr'>quicum</span> <span class='ocrx_word' id='word_1_261' title='bbox 1261 3835 1340 3928; x_wconf 92' lang='lat' dir='ltr'>ipso</span> 
     </span>
    </p>
   </div>
   <div class='ocr_carea' id='block_1_4' title="bbox 278 3936 1340 4158">
    <p class='ocr_par' dir='ltr' id='par_1_6' title="bbox 278 3936 1340 4158">
     <span class='ocr_line' id='line_1_37' title="bbox 278 3936 1340 4042; baseline -0.012 -20"><span class='ocrx_word' id='word_1_262' title='bbox 278 3959 394 4022; x_wconf 80' lang='lat' dir='ltr'>erant.</span> <span class='ocrx_word' id='word_1_263' title='bbox 446 3944 536 4018; x_wconf 92' lang='lat' dir='ltr'>Cum</span> <span class='ocrx_word' id='word_1_264' title='bbox 549 3946 656 4040; x_wconf 83' lang='lat' dir='ltr'>igitur</span> <span class='ocrx_word' id='word_1_265' title='bbox 673 3947 764 4042; x_wconf 84' lang='lat' dir='ltr'>die,</span> <span class='ocrx_word' id='word_1_266' title='bbox 780 3966 859 4039; x_wconf 85' lang='lat' dir='ltr'>quae</span> <span class='ocrx_word' id='word_1_267' title='bbox 876 3943 1020 4020; x_wconf 73' lang='lat' dir='ltr'>nollem</span> <span class='ocrx_word' id='word_1_268' title='bbox 1036 3944 1129 4036; x_wconf 88' lang='lat' dir='ltr'>hanc</span> <span class='ocrx_word' id='word_1_269' title='bbox 1146 3936 1340 4036; x_wconf 86' lang='lat' dir='ltr'>praeceffit,</span> 
     </span>
     <span class='ocr_line' id='line_1_38' title="bbox 331 4037 1301 4158; baseline -0.014 -35"><span class='ocrx_word' id='word_1_270' title='bbox 331 4049 479 4158; x_wconf 63' lang='lat' dir='ltr'>origenis</span> <span class='ocrx_word' id='word_1_271' title='bbox 509 4042 596 4122; x_wconf 80' lang='lat' dir='ltr'>Tem.</span> <span class='ocrx_word' id='word_1_272' title='bbox 626 4048 726 4123; x_wconf 88' lang='lat' dir='ltr'>Vlll.</span> <span class='ocrx_word' id='word_1_273' title='bbox 925 4040 962 4122; x_wconf 90' lang='lat' dir='ltr'>K</span> <span class='ocrx_word' id='word_1_274' title='bbox 1192 4037 1301 4111; x_wconf 76' lang='lat' dir='ltr'>lleus</span> 
     </span>
    </p>
   </div>
   <div class='ocr_carea' id='block_1_5' title="bbox 0 0 1634 4609">
    <p class='ocr_par' dir='ltr' id='par_1_7' title="bbox 0 0 1634 4609">
     <span class='ocr_line' id='line_1_39' title="bbox 0 0 1634 4609; baseline 0 0"><span class='ocrx_word' id='word_1_275' title='bbox 0 0 1634 4609; x_wconf 95' lang='lat' dir='ltr'> </span> 
     </span>
    </p>
   </div>
  </div>
 </body>
</html>
