3242 4609
283 318 336 406 r,
551 235 1074 404 e-x‘onrotnt
1162 335 1166 348 ·
1251 233 1255 252 ¹

360 491 399 546 2,
421 466 568 562 Duplici
580 466 692 542 modo
714 471 833 566 lingua
848 466 925 558 iusti
939 459 1151 561 intelligitur
1165 467 1273 561 ioqui
1287 472 1335 564 ju
1366 499 1383 594 p

204 619 208 626 -
285 573 440 658 dicium,
466 568 539 640 srve
555 589 624 660 pro
642 591 715 655 eo,
744 567 842 660 quod
863 570 985 640 omnia
1002 564 1100 638 recto
1117 567 1283 662 judicio,
1304 570 1336 644 ἅ
1372 626 1383 666 ,

289 691 374 744 cum
388 669 650 762 deliberatione
661 668 705 739 ut
718 688 801 740 cunr
819 663 971 740 consilio
992 666 1170 756 loquitur,
1197 689 1277 759 quae
1290 671 1337 744 lo
1355 661 1383 742 t'r

290 774 434 862 quitur,
459 766 493 840 dt
514 767 602 837 nihil
621 788 685 860 per
708 766 946 855 iracundiam,
970 765 1059 836 nibil
1075 778 1116 836 ut
1134 765 1336 844 bominibus
1359 755 1363 840 ἔ
1375 817 1383 890 Ι

285 872 454 965 placeat,
484 864 576 938 nihil
597 887 642 950 ex
661 865 816 948 tristitia,
841 866 931 937 nibil
946 886 990 936 ex
1011 877 1142 956 metu,
1175 886 1257 956 quae
1281 867 1338 946 fin·
1360 879 1383 967 {p

286 969 369 1064 gula
388 964 507 1046 solent
531 967 656 1055 utique
669 986 748 1040 non
772 965 950 1061 integrum
969 964 1177 1036 hominibus
1199 965 1337 1042 servare
1358 985 1383 1063 ι’,

281 1067 485 1168 judicium,
518 1066 580 1136 vel
602 1073 702 1137 certe
724 1064 825 1155 quod
844 1062 982 1159 semper
1000 1063 1045 1134 de
1068 1059 1207 1156 semper
1227 1065 1276 1138 de
1292 1067 1338 1140 su·
1362 1059 1383 1156 l,

289 1182 375 1240 turo
388 1164 527 1257 judicio
547 1165 707 1255 loquitur
720 1153 857 1256 iustae,
882 1175 924 1234 ut
942 1181 1182 1235 commonens
1203 1162 1338 1260 semper
1364 1187 1383 1261 'ss

287 1268 351 1338 vel
370 1259 623 1355 semetipsum,
650 1266 709 1336 vel
727 1267 786 1354 qui
806 1261 845 1336 se
864 1261 1032 1354 audiunt,
1058 1259 1104 1334 tle
1126 1259 1236 1336 futuri
1254 1265 1339 1356 judi·

251 1417 255 1434 .
288 1367 336 1436 cii
355 1377 475 1452 metu,
501 1360 535 1434 dt
556 1363 600 1433 de
623 1360 822 1457 suppliciis,
848 1382 925 1453 quae
945 1373 1139 1454 praeparata
1161 1361 1243 1436 sunt
1259 1385 1340 1459 pec·

271 1465 493 1550 ueteribus,
516 1460 563 1532 de
583 1459 702 1535 soture
715 1464 1002 1547 examinatione,
1031 1457 1090 1531 sed
1106 1458 1140 1531 u
1154 1459 1200 1532 dc
1218 1481 1338 1557 repro·

288 1560 507 1640 missionibus
531 1557 758 1644 sentimum,
792 1582 870 1653 quae
903 1573 1106 1652 preparate
1137 1557 1219 1650 sunt
1242 1565 1340 1637 eit-t

288 1659 405 1751 Deo,
441 1659 475 1730 dr
495 1656 720 1756 semetipsum
739 1659 874 1734 salvum
890 1658 1025 1750 saciat,
1059 1650 1197 1750 dicos,
1223 1664 1287 1752 qui
1307 1660 1340 1736 se
1371 1691 1373 1706 ¹

288 1760 450 1832 audiunt
512 1752 562 1827 Et
582 1760 655 1834 boc
681 1758 794 1836 modo
818 1758 1084 1852 complebitur,
1118 1757 1200 1848 quia
1223 1761 1343 1858 lingue
1373 1825 1375 1836 .

285 1855 369 1954 justi
388 1859 559 1958 loquetur
572 1860 757 1951 judicium.
806 1857 843 1930 Si
865 1877 956 1930 vero
978 1868 1130 1949 oportet
1151 1861 1261 1934 etiarn
1283 1863 1342 1934 bic

289 1951 571 2030 declinationem
595 1957 705 2032 futuri
720 1958 894 2051 temporis
917 1954 1129 2044 observare,
1156 1959 1239 2046 quia
1265 1979 1342 2035 non

196 2122 197 2125 ,
289 2055 404 2144 dixit,
430 2051 609 2146 loquitur,
633 2057 869 2155 sedimento,
895 2052 1198 2150 possumusetiam
1214 2059 1252 2130 in
1270 2061 1341 2132 boc

289 2157 363 2230 tale
387 2153 519 2244 aliquid
542 2160 766 2253 intelligere,
797 2157 880 2246 quia
899 2173 998 2227 nunc
1015 2165 1343 2250 quantumcumque

287 2253 379 2330 illud
395 2252 465 2344 est,
491 2258 590 2342 quod
604 2257 650 2329 de
665 2256 735 2329 Dei
742 2255 881 2349 judicio
896 2255 958 2328 vel
971 2254 1073 2346 loqui
1088 2253 1270 2346 possumus
1285 2258 1345 2331 vel
1380 2341 1383 2360 ,

289 2355 441 2440 sentire,
462 2352 965 2446 necesseestnosilludscire,
990 2351 1089 2443 quod
1105 2350 1346 2452 delinitApo-

288 2451 423 2545 stolus,
446 2451 590 2529 dicens:
617 2460 725 2549 Quam
737 2455 955 2545 inscrutabilia
967 2455 1046 2543 sent
1056 2454 1177 2547 judicie
1194 2459 1279 2555 ejus,
1303 2455 1344 2534 ὅ

224 2551 228 2556 ’
289 2554 519 2648 investigabiles
539 2566 602 2626 urae
621 2562 700 2656 ejus.
758 2558 910 2646 sivero
929 2552 1121 2646 pervenite
1143 2559 1344 2647 poterimus

290 2654 337 2730 ed
354 2656 449 2728 illem
470 2653 754 2746 persedionenr,
782 2655 828 2728 de
846 2673 915 2744 qua
933 2652 1036 2724 dicit:
1057 2646 1279 2734 ,tumtunm
1287 2656 1345 2748 fa·

289 2760 337 2828 rie
350 2757 389 2826 ad
402 2754 538 2845 faciem,
563 2755 601 2826 id
617 2753 687 2840 est,
712 2771 823 2845 quum
838 2772 894 2825 res
913 2748 996 2844 ipsae
1013 2754 1120 2827 nobis
1140 2753 1346 2829 evidentio-

180 2929 183 2940 ,
289 2874 350 2930 res
368 2848 479 2945 frent,
501 2871 611 2942 quum
632 2856 843 2947 ceperimus
864 2845 1057 2948 egnoscere
1075 2855 1263 2936 rationem¹
1278 2855 1347 2928 fin·

290 2952 451 3049 gularum
473 2969 620 3042 rerum,
651 2972 728 3042 quae
745 2953 783 3024 in
808 2947 1036 3040 boemundo
1055 2954 1116 3025 vel
1136 2949 1241 3047 gellae
1264 2952 1344 3027 sunt

268 3075 271 3080 ·
291 3052 355 3124 vel
373 3061 563 3145 geruntur,
591 3052 687 3141 quali
703 3049 842 3143 judicio
864 3045 968 3145 geste
990 3045 1091 3145 sunt,
1118 3054 1178 3124 vel
1197 3071 1273 3142 quo
1288 3055 1345 3145 ju·

215 3169 223 3182 ·
292 3146 516 3226 dicioDeu'e
537 3160 657 3221 utatur
684 3152 721 3223 iri
746 3149 916 3247 singulis,
949 3150 1077 3241 quibus
1100 3152 1363 3242 providentior·

290 3247 362 3326 suae
382 3245 729 3341 dispensationibus:
759 3250 786 3323 st
804 3251 881 3341 quis
901 3248 1028 3342 dignus
1047 3249 1156 3322 fuerit
1179 3250 1348 3340 confideq

290 3369 372 3426 tare
402 3344 680 3441 &perspicere,
723 3349 912 3441 quomodo
934 3347 1067 3440 iudicia
1098 3348 1171 3420 Dei
1202 3347 1345 3441 abyssus

291 3449 405 3526 multe
423 3444 498 3520 est:
528 3466 611 3521 cum
628 3449 771 3542 plenius
792 3450 954 3541 recipere
978 3450 1178 3539 poterimus
1194 3451 1345 3544 gretiam

290 3549 433 3644 spiritus
459 3546 579 3639 illius,
612 3551 672 3639 qui
706 3548 829 3622 omnia
859 3547 1100 3641 perscrutatur
1131 3547 1242 3621 etiem
1273 3550 1347 3624 altr

290 3645 365 3728 Dei
382 3649 398 3734 ,'
431 3657 520 3717 tunc
547 3667 635 3720 vere
667 3648 701 3721 dr
738 3649 878 3742 integre
911 3644 1105 3720 secundum
1138 3647 1347 3740 prophetici

201 3771 206 3778 ·
289 3747 398 3930 Berbi
433 3742 696 3825 umnffionen
732 3745 852 3844 ungue
881 3740 967 3840 justi
1008 3746 1180 3841 loquetur
1209 3745 1348 3839 judicie

330 3869 376 3932 el.
419 3869 422 3873 '
927 3899 929 3904 .

179 1158 182 1169 t

1174 4045 1302 4139 plor
