3242 4609
459 375 1165 509 sruucrsrursuunos,
1269 376 1362 496 αις

279 547 557 645 conmrpiscendi
576 555 650 632 vim
667 554 844 644 habentis.
892 552 1037 631 Etiamsi
1052 560 1130 650 quis
1145 558 1182 631 in
1199 559 1340 655 virtute
1385 602 1388 609 ·

276 651 499 745 profecerit,
524 656 690 747 potentia
705 657 864 749 patiendi
875 651 1019 730 minime
1033 658 1168 749 deleta,
1197 660 1341 734 contin'·

279 752 353 847 git,
379 767 420 823 ut
434 752 470 824 in
486 752 576 826 dista
589 753 827 848 compassione
840 741 1017 829 versetur]
1064 754 1172 829 Certe
1185 758 1340 852 persona

279 871 427 942 quoque
443 853 652 947 proposita,
676 876 756 929 curn
774 876 793 928 a
810 857 966 954 vocibus
980 856 1128 927 inimicis
1145 858 1178 928 dr
1193 859 1339 932 tribula·

279 953 383 1022 tione
403 952 910 1047 peecatoris'coneuteretur,
936 954 1072 1026 insitam
1088 956 1246 1047 patiendi
1260 960 1339 1033 vim
1392 1044 1394 1048 ι

274 1050 434 1123 habebat
449 1053 658 1145 excitatam,
685 1054 799 1145 adeo,
817 1067 859 1125 ut
868 1054 1000 1127 timore
1016 1058 1281 1150 corriperetur,
1303 1057 1340 1133 u

277 1151 429 1223 tremori
444 1150 643 1244 subjaceret
656 1173 728 1246 prae
741 1154 898 1227 tenebris
911 1154 1119 1227 anxietatis:
1145 1175 1226 1229 nam
1238 1170 1339 1232 tene·

276 1247 455 1326 ¹bricosum
468 1254 682 1349 vertiginem
698 1255 865 1327 tenebras
881 1255 1085 1348 appellavit.
1323 1341 1326 1348 ¹

268 1369 305 1446 Ἰ
357 1350 506 1420 Etdr'xr':
530 1354 708 1448 quisdabr‘l
731 1352 1046 1450 mihiprnnarficut
1066 1351 1226 1440 columba,
1251 1351 1337 1449 sla]
1400 1361 1406 1378 '

278 1444 408 1521 Pennae
425 1451 601 1524 columbe
615 1450 736 1526 sanus
750 1452 804 1532 est
820 1470 939 1525 rerum
957 1452 1214 1545 corporearum
1236 1452 1343 1528 &in-¹
1409 1464 1411 1468 ’

277 1567 535 1641 corporearum
555 1552 838 1645 contemplatio,
865 1572 930 1644 per
946 1572 1050 1643 quarn
1066 1553 1158 1626 elata
1176 1574 1277 1629 mens
1298 1556 1338 1627 in

276 1648 492 1744 cognitione
506 1646 630 1723 sanuae
647 1649 834 1725 Trinitatis
851 1652 1050 1745 requiescit.

357 1749 431 1821 Ecce
455 1750 600 1843 elongavi
617 1751 769 1851 fugiens,
801 1750 841 1827 Θ
859 1754 956 1847 monfi
976 1757 1012 1821 in
1029 1751 1222 1840 solitudine,
1246 1749 1363 1847 (Μ’

277 1843 582 1944 Vbi-populeum
600 1848 774 1947 fignificat
790 1849 977 1944 persequi,
1005 1850 1092 1923 &in
1116 1849 1235 1948 sugam
1256 1873 1338 1926 ver·

275 1957 357 2019 tere
368 1966 453 2039 eos,
480 1950 792 2045 quiexpelluntur.
833 1952 1051 2045 Dicitigitur
1062 1943 1181 2041 psalmi
1193 1949 1335 2025 audior:

276 2066 366 2119 ecce
391 2049 582 2144 elongavi,
615 2050 688 2122 hoc
713 2049 790 2142 est,
824 2052 933 2145 longe
954 2051 1075 2140 expuli
1098 2050 1278 2123 inimicum
1301 2048 1337 2122 dt
1383 2131 1386 2136 y

274 2159 529 2240 peccatorem,
555 2162 597 2220 ut
610 2148 677 2229 illis
698 2149 849 2239 expulsis
873 2168 1053 2223 manerem
1069 2149 1105 2219 in
1123 2146 1335 2243 solitudine,

276 2246 352 2319 hoc
377 2243 452 2337 est,
488 2246 635 2338 instatu
657 2246 810 2342 pacifico
835 2248 1103 2338 requiescerem.
1154 2245 1191 2318 si
1216 2261 1337 2323 autem
1418 2264 1440 2335 ’,

276 2365 357 2417 vox
374 2333 568 2440 poposcero
585 2347 658 2419 hoc
677 2350 764 2421 loco
779 2345 952 2443 significat
961 2348 1093 2441 fugere,
1116 2346 1230 2439 justus
1245 2368 1336 2442 eos,

277 2445 375 2537 quie
397 2443 665 2520 circumcisione
684 2445 783 2531 sunt,
810 2447 969 2541 fugiens,
995 2444 1136 2535 seseque
1157 2448 1199 2520 ab
1217 2448 1268 2519 cis
1284 2450 1336 2523 ob

276 2557 406 2618 eorum
417 2543 619 2638 J'afiiantiam
640 2548 748 2643 longe
765 2545 1010 2635 submovens,
1037 2544 1144 2619 dicit:
1169 2545 1276 2621 mansi
1297 2548 1336 2621 in

273 2640 455 2734 Ecclesia,
481 2646 541 2717 ubi
559 2666 635 2719 non
656 2645 705 2723 est
725 2649 784 2720 lex
804 2666 875 2721 nec
892 2644 1093 2737 Prophetae.
1146 2640 1335 2719 Convenit

275 2747 383 2817 etiarn
405 2741 546 2816 Cliristo
564 2745 754 2821 secundum
779 2744 1086 2839 dispensationem.

354 2842 580 2939 Exspefsabum
598 2871 685 2932 eum,
711 2851 768 2943 qui
782 2849 906 2933 salvum
926 2870 972 2915 me
986 2844 1071 2936 fecit
1133 2843 1338 2943 pifilanims·

274 2957 346 3017 lare
360 2940 489 3039 spiritus
512 2943 549 3021 U
570 2945 756 3043 tempestate,
774 2944 855 3039 lla]
885 2939 1106 3038 Tempestas
1133 2942 1336 3038 sitentatio

274 3042 459 3137 magna&
483 3044 678 3120 vehemens
699 3060 828 3119 contra
851 3047 1000 3128 animam
1023 3041 1182 3136 spirans,
1218 3045 1334 3118 itaut

273 3142 496 3240 naufragium
513 3141 622 3217 faciat
641 3144 725 3237 illa,
752 3166 828 3237 quae
843 3143 905 3218 sibi
926 3165 1001 3217 non
1016 3143 1191 3233 adtendit.

354 3247 519 3339 Proripite
537 3246 693 3331 Domine,
719 3242 879 3323 &divide
899 3245 1024 3337 linguas
1040 3266 1160 3330 eornm,
1185 3246 1335 3342 qnoniam

275 3343 349 3414 vidi
361 3349 568 3440 iniquitatem
581 3346 620 3418 (5
634 3343 912 3417 contradiilionem
923 3349 960 3413 in
977 3349 1129 3424 ciuitate,
1155 3342 1245 3437 sla]
1271 3343 1333 3437 lis,

273 3438 336 3535 qui
352 3464 396 3515 ex
411 3443 544 3515 malitia
556 3442 589 3515 dr
601 3442 692 3517 falsis
703 3442 929 3539 dogmatibus
943 3442 1127 3516 civitatem
1141 3420 1334 3535 edificant,
1391 3519 1394 3536 ,

271 3541 690 3637 supervenitignorantia
705 3544 947 3639 &linguarum
959 3540 1137 3635 confusio,
1147 3563 1224 3632 quae
1235 3539 1331 3637 ipsos

273 3641 531 3734 amaloopere
550 3644 720 3736 cohibet,
746 3641 1044 3733 quemadmodum
1058 3643 1212 3739 contigit
1225 3644 1333 3717 etiam

271 3741 365 3832 illis,
393 3739 451 3832 qui
470 3742 506 3814 in
525 3737 681 3815 Chalane
695 3744 819 3817 turrim
842 3739 1128 3815 construxerunt.
1183 3742 1221 3813 ln
1234 3760 1332 3814 mare

274 3838 433 3936 demergi
454 3838 583 3915 dicitur
607 3842 666 3934 id,
692 3841 791 3933 quod
808 3846 853 3913 ab
877 3840 991 3915 oculis
1012 3837 1216 3930 euanescit,
1251 3841 1333 3930 quia

253 3953 410 4028 omne,
438 3934 541 4029 'quod
565 3939 601 4012 in
622 3942 805 4033 profundo
826 3939 903 4032 est,
937 3938 980 4013 ab
1006 3940 1120 4011 oculis
1140 3939 1332 4015 evanescit

259 4036 506 4130 ,Profundum
525 4039 632 4142 igitur
650 4056 844 4221 peccabunt
861 4038 941 4133 est,
967 4036 1006 4116 si.
1018 4038 1079 4113 rei
1094 4057 1176 4135 que
1187 4037 1349 4113 summu

473 4200 478 4216 .
586 4198 588 4203 .
687 4173 691 4180 ·
817 4163 842 4243 3
883 4217 885 4222 ,
1126 4214 1130 4222 ,
1213 4140 1322 4212 'sme-
1399 4185 1402 4192 -
