3242 4609
282 379 290 392 ,
403 241 1181 387 armentursrrtnm.
1314 335 1361 405 ις

284 469 436 572 jatiabit
453 469 489 547 ie
509 471 556 550 de
574 484 613 546 te
628 479 799 564 unquam
821 471 868 545 de
883 463 983 561 filio,
1006 477 1196 568 tanquam,
1223 473 1285 567 qui
1301 495 1360 551 ae·

289 575 433 669 ceperis
451 572 611 668 spiritum
625 569 847 668 adoptionis.
897 563 1083 643 Producat
1093 587 1180 667 ergo
1187 571 1359 668 justitiam

288 673 493 749 tuamficut
508 672 658 764 lumen,
685 671 767 762 quia
781 669 841 761 qui
856 663 1050 744 secundum
1064 673 1268 748 mandatum
1280 674 1361 751 Do·
1389 713 1414 769 ¹.

288 775 379 851 mini
389 769 502 867 justus
517 767 589 865 est,
595 767 765 865 iustitia-nr
780 762 876 845 sitam
890 768 941 844 ita
952 763 1058 870 facit,¹
1073 765 1163 844 ficut
1175 771 1249 868 ipse
1259 783 1358 852 urau-¹
1406 784 1409 793 ’

288 873 393 949 davit
411 873 562 966 dicens}
606 875 670 947 Vos
690 889 798 945 autem
819 891 886 942 cum
899 870 1014 963 facitis
1026 872 1187 969 justitiam
1201 874 1357 972 vestram,

287 975 409 1060 nesticae
416 971 571 1072 fiuiflra,
597 973 676 1072 quid
684 971 791 1065 faciat
804 972 919 1045 deicito
936 988 1001 1042 tua.
1052 963 1143 1045 Haec
1161 989 1249 1070 ergo
1258 973 1358 1069 justi·

287 1075 360 1167 tia,
393 1093 473 1168 que
490 1074 541 1146 ita
561 1063 630 1164 fit,
654 1080 793 1147 utnon
818 1067 1026 1148 honu'uib'ua
1049 1086 1247 1167 appareat,
1283 1096 1356 1153 nec

287 1186 332 1247 ut
351 1174 542 1247 humanam
567 1169 718 1269 gloriam
744 1181 887 1267 captet,
912 1166 974 1246 sed
994 1163 1036 1244 fit
1051 1169 1090 1245 iu
1114 1174 1288 1266 occulto,
1312 1189 1357 1250 ut
1417 1231 1422 1246 .

287 1287 394 1370 pater
410 1273 471 1366 qui
486 1271 589 1368 uidet
608 1274 646 1347 in
664 1274 836 1358 occuito,
860 1267 987 1347 reddat
998 1268 1114 1367 palam
1131 1269 1170 1345 in
1184 1285 1356 1370 tempore

287 1371 376 1454 suo,
401 1369 617 1468 producitur
634 1389 653 1446 a
671 1366 758 1446 Deo
778 1369 869 1445 ficut
892 1370 964 1447 lux.
992 1428 994 1436 ,
1019 1371 1066 1443 Er
1081 1370 1240 1469 judicium
1263 1391 1355 1447 ruam

279 1473 363 1589 ῥεια
378 1477 533 1547 meridiei.
585 1468 720 1548 Omnia
739 1469 835 1547 enim
848 1467 931 1564 justi
939 1466 1092 1566 judicia,
1118 1481 1355 1568 quacumque

259 1621 273 1660 0,
284 1572 485 1666 judicavit,
511 1591 589 1646 non
603 1565 718 1646 solum
734 1563 825 1646 ficut
838 1569 900 1645 qu
918 1580 1043 1665 erunt,
1065 1563 1126 1645 sed
1144 1571 1233 1646 ficut
1245 1577 1354 1648 meri·

287 1671 434 1748 dimum
456 1672 599 1750 iumen,
634 1667 733 1763 quod
754 1671 882 1764 utique
900 1669 1121 1747 ciariffimurn
1145 1668 1179 1745 dt
1201 1668 1354 1768 splendi·
1397 1733 1407 1752 ,

287 1769 461 1848 diiiimum
477 1766 538 1847 est.
570 1765 765 1846 Plenitudo
786 1772 882 1845 enim
898 1769 989 1845 lucis
1002 1768 1040 1846 in
1051 1769 1249 1846 meridiano
1263 1786 1353 1853 tem·

286 1867 603 1968 poredefignatur.
652 1870 689 1943 Si
702 1887 790 1966 ergo
802 1865 913 1945 fueris
923 1865 1238 1964 justusubonus,
1264 1894 1352 1967 pro.

287 1969 401 2044 ducet
418 1970 519 2045 Deus
542 1965 632 2044 ficut
652 1970 775 2044 lumen
790 1966 960 2063 justitiam
984 1984 1103 2063 tuam,
1129 1968 1352 2063 &judicium

285 2084 391 2146 tuum
409 2067 498 2145 suut
515 2063 712 2147 meridiem.
738 2065 811 2143 Vei
825 2084 926 2144 cette
944 2066 1155 2163 injudicio,
1172 2089 1253 2145 cunr
1269 2092 1352 2149 cau,
1417 2063 1419 2070 ’

286 2169 398 2245 sa'tua
417 2169 622 2261 discutitur,
637 2166 807 2268 Justitiam
826 2168 938 2243 cause
955 2169 1027 2242 tuae'
1045 2182 1215 2261 tanquam
1229 2167 1359 2252 luceni-

287 2269 393 2345 Deua
411 2267 522 2343 faciet
535 2263 772 2345 manifestam.
799 2265 834 2341 dt
841 2266 1038 2362 judicium,
1066 2266 1353 2364 quodudijudi·
1407 2283 1410 2292 '

287 2382 368 2454 cat,
388 2373 493 2445 velut
514 2366 699 2460 meridiem
717 2363 828 2441 faciet
847 2362 1083 2444 manifestum.
1134 2368 1227 2466 Qua
1241 2368 1353 2449 scien·

285 2484 346 2544 tea
368 2470 418 2543 ita
442 2463 585 2547 futura,
619 2464 857 2560 deprecemur
883 2463 1159 2540 misericordiam
1180 2467 1272 2563 Dei,
1307 2483 1371 2546 ut-

285 2568 469 2644 concedat
485 2567 592 2641 nobis
607 2567 697 2639 tales
711 2559 812 2658 fieri,
837 2566 897 2656 qui
914 2564 1009 2660 digni
1020 2566 1233 2659 habeamur,
1260 2588 1351 2660 quo.

285 2685 368 2744 rum
382 2667 482 2750 Deua
494 2663 568 2764 ipse
580 2668 699 2739 iucem
707 2658 851 2759 justitie
868 2663 1048 2759 producat
1065 2665 1102 2737 in
1116 2662 1294 2761 medium,
1315 2667 1351 2745 u

281 2768 459 2864 judicium
479 2760 639 2862 nostrum
657 2763 747 2843 ficut
767 2763 952 2840 meridiem
971 2763 1105 2838 clarum
1120 2763 1155 2837 dr
1170 2762 1350 2865 lucidum,

284 2865 558 2944 habeusluc'em
574 2861 808 2945 veronense,
833 2860 946 2958 ipsum
959 2862 1160 2940 Dominum
1173 2859 1350 2966 nostrum,
1394 2892 1396 2897 ·
1439 2890 1441 2893 ⁴

286 2956 1188 3101 cuiestgioriadtimperiuminsaemlasaecuiorum.
1214 2960 1349 3090 Amen.

284 3169 883 3197 m*

520 3247 952 3381 'nomrtrn
999 3298 1053 3382 11.

345 3461 406 3544 ue
429 3432 562 3565 aaran
575 3463 734 3565 psalmo,
757 3463 802 3542 aa
821 3464 883 3540 trra
903 3476 1030 3562 parter
1057 3462 1214 3539 aarum
1234 3460 1292 3565 ep

466 3571 468 3576 ’
610 3566 771 3657 Domino,
808 3562 848 3646 θ
868 3590 923 3640 ora
940 3590 1021 3644 eum.

287 3781 322 3846 1.
397 3745 608 3862 recipiente
626 3760 824 3848 mandato,
861 3761 1084 3842 &dicenter
1117 3748 1267 3836 Sabinus
1289 3755 1348 3861 eflo
1413 3815 1417 3830 ,

424 3869 479 3940 Do
512 3871 585 3947 ino,
606 3861 840 3944 neceiiarium
853 3865 999 3940 videtur
1015 3857 1239 3961 perscrutari,
1259 3857 1346 3955 quid

283 3963 439 4049 ursatii
501 4075 511 4102 ,
534 3962 605 4043 ess'e
621 3962 810 4048 Domino,
835 3961 1115 4076 &quidiituon
1137 3959 1208 4039 ess'e
1228 3957 1346 4036 subdi-

483 4145 489 4188 (
1216 4075 1319 4140 mxu„
