3242 4609
460 292 746 376 sutucrn
770 290 1160 378 turstinus,
1199 317 1201 322 ·
1291 321 1339 400 39

267 433 433 550 tainum
458 459 565 538 nom
583 453 664 555 nm
682 458 833 536 facimus
851 458 937 536 nes.
987 455 1038 534 tt
1061 457 1115 534 tn
1137 458 1218 535 sun
1237 457 1338 558 uei,

268 580 368 652 quos
385 555 488 636 nosse
515 560 647 634 dicitur
661 613 675 653 ,
690 559 845 652 quando
868 559 1056 656 cognoscit
1073 559 1147 634 dier
1167 560 1338 636 immacu·

267 659 449 746 latorum·
494 641 668 736 veru'mn
687 657 915 736 sacratiorem
928 659 1044 734 adhuc
1061 654 1195 734 sensum
1213 660 1251 732 in
1262 661 1338 738 hoc

267 759 362 834 loco
377 759 546 834 volumus
557 758 789 855 perscrutari,
809 757 990 854 possumus
1007 759 1147 852 dicere,
1165 761 1246 852 quia
1259 759 1336 835 dier

268 857 358 936 mni
370 854 454 960 suut
471 857 577 952 huius
591 855 706 935 seculi
727 849 942 952 secundum,
969 859 1067 949 quod
1081 856 1247 952 scriptum
1263 857 1335 938 estt

267 961 436 1054 Quoniam
460 961 526 1030 dies
545 963 624 1030 maii
639 960 735 1051 sunt.
787 959 877 1034 Dies
900 971 1017 1056 autem
1037 960 1127 1032 boni
1153 959 1210 1032 alii
1229 957 1334 1056 sunt,

268 1057 339 1152 qui,
355 1056 468 1152 &ipsi
490 1056 800 1152 immaculatorum
821 1058 924 1152 sunt,
951 1079 1042 1150 quos
1066 1057 1246 1133 Dominus
1270 1079 1335 1132 eo·

268 1155 442 1256 gnoscit,
467 1157 505 1232 in
528 1161 655 1252 quibus
676 1160 711 1234 δι
733 1159 919 1236 hereditas
945 1177 1072 1253 eorum
1098 1158 1137 1232 in
1157 1172 1332 1234 eternum

268 1274 409 1336 munet:
436 1257 728 1334 tuncfinedubio
742 1280 823 1334 cum
833 1257 917 1353 justi
931 1257 1172 1332 hereditatem
1189 1263 1335 1354 capient

269 1357 533 1451 uitaeaeternae,
558 1356 841 1452 consequentes,
867 1359 1335 1451 quae,ocr1usnmniiit,nec

266 1463 359 1532 mis
375 1461 526 1536 audiuit,
550 1483 607 1530 ner
627 1464 665 1530 im
681 1483 731 1532 cor
747 1461 887 1544 bominis
903 1458 1068 1546 ascmrdit,
1093 1483 1161 1556 qua
1178 1478 1335 1554 prepare·

265 1562 322 1630 uir
337 1561 426 1630 Dm
443 1555 700 1652 iiiigmriiurm
748 1558 806 1634 llli
822 1556 903 1634 sunt
918 1559 1228 1633 immutulatorum
1242 1556 1347 1651 dier,-
1392 1606 1395 1612 ·

266 1658 307 1732 in
326 1659 454 1750 quibus
467 1677 542 1738 non
558 1655 623 1732 iste
638 1655 712 1749 soi,
733 1679 839 1758 quem
854 1656 999 1734 occasus
1013 1657 1168 1750 excipit,
1184 1656 1333 1750 &quur

267 1776 348 1834 nox
365 1755 561 1852 succedent
574 1759 696 1834 lumen
712 1759 911 1856 interimit,
933 1756 993 1832 sed
1006 1753 1060 1832 sol
1071 1755 1214 1850 justitie
1233 1758 1334 1832 luteo

265 1856 346 1950 bit,
362 1857 424 1948 qui
437 1853 581 1932 nostem
593 1855 750 1951 nesciet,
766 1859 828 1950 qui
842 1859 962 1932 lumen
976 1872 1147 1932 eternum
1162 1857 1224 1950 stt,
1241 1856 1333 1930 sicut

265 1955 438 2051 scriptum
455 1954 528 2050 est,
553 1959 635 2050 quie
653 1959 716 2058 ipse
737 1963 895 2032 Dominus
914 1964 978 2030 mir
994 1960 1038 2030 ris
1055 1959 1114 2030 iux
1122 1955 1329 2053 sempiterna.

349 2077 406 2130 10.
433 2055 483 2128 Er
496 2079 564 2128 nnn
577 2053 816 2151 confundentur
828 2065 866 2131 in
885 2057 1124 2155 temporemuir.
1157 2053 1234 2130 Soli
1247 2053 1332 2149 justi

265 2175 348 2234 non
361 2152 631 2255 confundentur
643 2158 682 2232 in
695 2172 863 2252 tempore
876 2157 985 2235 malo.
1035 2153 1196 2251 Tempus
1208 2170 1343 2250 autem

266 2257 400 2334 muium
415 2254 476 2330 hie
490 2270 638 2350 tempus
650 2257 775 2350 judicii
790 2259 977 2352 nominat,
1001 2272 1155 2352 propter
1173 2255 1333 2330 multitu·

266 2357 387 2430 dinem
406 2369 660 2452 peccatorum,
688 2357 889 2450 uteorum,
915 2377 1007 2452 quos
1033 2356 1125 2430 saevr
1148 2367 1333 2429 tormenta

269 2451 469 2546 suscipient.
494 2451 606 2530 Tunc
625 2475 715 2552 ergo
732 2455 768 2530 in
786 2471 954 2549 tempore
971 2453 1236 2530 resurrectionis
1250 2474 1333 2530 cunr

268 2575 398 2632 ornnes
413 2551 694 2648 resurrexerint,
720 2555 830 2629 &alii
847 2553 1034 2652 resurgent
1049 2555 1086 2629 in
1105 2555 1215 2629 vitum
1231 2570 1334 2626 aeter·

265 2675 373 2747 nrm,
406 2652 465 2728 alii
489 2655 527 2730 in
552 2653 801 2732 confusionem
833 2668 1023 2747 eternam,
1055 2668 1170 2747 tunc,
1194 2650 1332 2748 inquit,

265 2753 351 2849 justi
374 2773 451 2829 non
469 2755 761 2849 confundentur,
788 2755 871 2849 quir
892 2755 980 2830 nihil
994 2755 1136 2851 dignum
1153 2752 1334 2827 confusio·

267 2876 317 2932 ne
330 2855 370 2928 in
385 2872 512 2928 eorum
525 2853 658 2930 auibus
677 2856 897 2931 invenietur.
935 2852 1050 2928 Addit
1066 2867 1208 2928 autem:
1236 2854 1334 2926 Etim

267 2955 377 3029 dirius
397 2953 502 3046 samis
517 2955 770 3042 saturabuntur.
843 2952 1096 3046 inquirendum
1122 2955 1239 3049 primo
1260 2951 1333 3046 est,

268 3055 332 3148 qui
341 3055 409 3130 sint
422 3053 496 3128 dies
508 3053 621 3130 samis.
648 3053 897 3132 Comminntur
912 3057 949 3130 in
963 3055 1120 3148 quodam
1133 3052 1333 3127 locoDeus

267 3175 335 3252 per
351 3153 587 3247 Prophetam,
615 3154 650 3228 &
669 3156 775 3230 dicit:
804 3157 883 3229 Ecce
896 3157 960 3228 ries
979 3160 1144 3243 ueniunt,
1169 3159 1246 3225 dicit
1268 3157 1334 3226 Du·

268 3261 397 3342 minus,
421 3257 461 3332 U
474 3261 644 3327 immittam
653 3255 777 3350 samem
788 3261 887 3350 super
905 3271 1045 3342 terrum,
1070 3279 1137 3326 nun
1144 3252 1264 3346 famem
1277 3275 1333 3349 pa·

270 3361 347 3442 nir,
371 3379 473 3453 neque
481 3357 572 3450 firim
590 3381 699 3454 uque,
718 3356 773 3447 lui
789 3355 912 3450 famem
935 3349 977 3428 ad
999 3357 1187 3425 audiendum
1203 3355 1335 3430 uerbum

270 3461 349 3530 Dei.
379 3455 805 3530 Ercircuibunrriorimnr
821 3456 975 3554 usquead
995 3457 1195 3540 occidentem,
1218 3471 1255 3525 ur
1275 3478 1336 3525 au·

267 3559 363 3631 nane
379 3555 511 3628 uerbum
527 3558 679 3644 Domini,
704 3555 745 3634 U
757 3579 823 3630 non
839 3559 1020 3631 invenient.
1072 3551 1130 3628 isti
1148 3553 1227 3627 sunt
1245 3573 1333 3650 crgo

271 3657 372 3749 dies,
400 3653 543 3730 &istud
564 3653 616 3732 est
637 3668 778 3752 tempus
794 3655 918 3748 samis,
943 3675 1024 3728 cum
1045 3674 1121 3728 non
1140 3652 1247 3744 sunt,
1274 3653 1336 3743 qui

271 3757 426 3830 uerbum
440 3753 512 3830 Dei
528 3756 745 3850 loquantur,
770 3754 861 3828 sicut
876 3754 916 3828 &·
928 3754 1038 3830 sames
1058 3775 1154 3828 nunc
1167 3754 1218 3828 est
1242 3751 1337 3845 apud

269 3853 425 3954 Judoios.
450 3853 637 3946 Nusquam
646 3877 742 3930 eum
755 3853 968 3949 Propheta,
993 3875 1165 3947 nusquam
1184 3852 1335 3947 sapiens,

272 3975 445 4060 nusquam
467 3955 623 4054 prudeus
645 3953 859 4136 estimantur,
883 3976 1062 4056 nusquam
1075 3954 1347 4067 quinquegenu-

826 4081 853 4155 4
1195 4073 1328 4144 ὝἋἉ
