3242 4609
454 285 742 367 sotacun
765 241 832 368 ru
855 287 1185 374 pserunt·
1257 261 1335 399 ἠς
1400 214 1403 232 ¹

270 407 404 550 etquid
429 425 589 528 uiuunt
609 472 715 528 mons
735 448 872 527 santius
891 451 1043 530 Domini
1057 456 1152 532 bene
1172 460 1335 541 radicana

269 554 556 640 exultationem,
579 573 658 626 non
685 549 800 628 solum
826 554 959 646 partis,
979 552 1051 638 ¹sed
1072 557 1251 634 universae¹
1262 576 1336 638 ter.

269 678 345 752 rae,
371 650 660 747 quamChristus
679 651 857 734 radicatus
880 653 918 726 in
933 667 1036 748 patre
1052 677 1065 744 3
1098 656 1137 730 in
1156 660 1257 751 cujus
1274 662 1337 738 ad.
1439 670 1445 688 ·

268 768 391 829 ventu
402 753 580 827 exultavit
594 749 758 827 universa
771 765 900 844 terra‚.
913 768 1064 847 propter
1078 751 1252 832 Ecclesras
1262 761 1335 838 Dei

269 857 407 947 ubique
428 865 601 939 terrarum
622 852 826 926 innomine
845 853 920 944 ejus
948 853 1196 933 constitutans.
1220 857 1334 937 Forte

268 976 351 1030 non
376 951 429 1027 est
445 955 520 1023 benc
543 955 687 1023 radicum
709 948 804 1048 (hoc
819 954 912 1025 enim
933 954 1058 1048 nequit
1075 952 1252 1056 intelligi)
1271 958 1334 1037 sed

268 1052 518 1138 tenerorum,
542 1064 693 1148 utpote,
717 1052 879 1150 pulcram
894 1053 1048 1151 radicem
1061 1052 1229 1152 habenti,
1254 1081 1334 1153 quae

269 1147 615 1248 tamorespondeat
783 1224 786 1230 ,
905 1213 909 1220 .
946 1219 949 1226 .
982 1224 987 1232 ,
1017 1227 1051 1234 ,,

281 1303 286 1308 -
350 1255 525 1325 manantur
545 1251 741 1343 exultatione
764 1248 924 1341 univorsa,
942 1266 1056 1342 terra,
1081 1273 1170 1322 muas
1187 1255 1269 1328 Sion
1284 1258 1333 1330 la·

272 1371 345 1428 acra
363 1341 551 1450 Aquilonis,
572 1356 690 1430 ciuitas
703 1354 788 1445 ,regis
804 1355 913 1444 magui
922 1394 934 1434 ,
947 1347 1035 1446 usu]
1060 1346 1160 1426 Bene
1176 1356 1334 1434 radicata

272 1453 452 1529 exultatio
474 1446 525 1526 est
547 1447 718 1526 Christus.
773 1446 947 1524 Exulrnrio
968 1453 1063 1532 enim
1083 1476 1167 1542 mea,
1191 1454 1329 1551 inquit,

271 1578 347 1627 crue
367 1576 413 1623 mc
435 1579 457 1624 a
480 1549 744 1636 circumdantibus
767 1574 825 1620 mc.
892 1543 1016 1636 Radix,
1036 1561 1155 1627 autem
1178 1554 1253 1648 ejm
1278 1556 1335 1644 est·

270 1653 374 1729 Deus
390 1649 571 1743 Verbum,
594 1647 693 1741 quod
708 1646 838 1742 inipso
859 1648 923 1721 est.
977 1699 979 1704 -
1018 1728 1021 1734 ,

351 1749 532 1843 Easdem]
561 1746 714 1824 Montes
729 1748 847 1842 Sion,¹
865 1747 978 1826 latera
1000 1741 1215 1842 Aquilonis,
1241 1750 1331 1827 civi,

260 1867 327 1940 ¹tas
345 1779 398 1926 ess
412 1851 530 1946 magni
546 1849 650 1945 regis.
701 1846 906 1934 Secundum
921 1846 996 1922 hoc
1018 1847 1138 1941 potest
1154 1853 1193 1925 in
1210 1852 1332 1928 Evan-

268 1953 368 2051 gelio
383 1944 552 2025 ditiaesse
566 1944 791 2045 jerosolyma
805 1945 1048 2044 magniregis3
1075 1951 1128 2022 uti
1138 1950 1215 2026 hic:
1241 1977 1330 2026 mon·

269 2070 318 2127 tes
333 2055 435 2137 Sion,
460 2052 563 2135 latera
577 2051 747 2145 Aquilonis
760 2099 784 2135 „
796 2053 916 2126 civitas
930 2056 1011 2141 regis
1026 2055 1161 2143 magni.‘
1184 2055 1330 2149 Quem.

269 2137 463 2226 admodum
477 2162 596 2222 autern
612 2163 760 2243 magnus
779 2141 943 2224 sacerdos
959 2147 1089 2220 dicitur
1103 2147 1147 2222 ad
1163 2147 1329 2228 differen-

267 2252 357 2326 tiam
372 2245 562 2323 sacerdotii
578 2244 643 2347 'sub
658 2239 734 2340 ipso
759 2243 966 2339 constituti5
985 2246 1040 2323 sic
1054 2249 1162 2326 etiarn
1181 2268 1334 2349 magunt

267 2372 357 2426 rex:
381 2367 447 2424 rex
463 2348 559 2423 enim
577 2344 628 2420 est
645 2345 883 2443 regnantium.
1196 2415 1198 2420 .

344 2451 510 2543 Quoniam
533 2472 597 2518 cccc
618 2470 700 2542 reges
716 2463 809 2517 terra
832 2445 1125 2538 cougregatistmt,
1151 2443 1242 2543 siu]
1274 2447 1330 2526 Ut

266 2550 364 2625 idem
386 2545 506 2623 dicant
526 2566 673 2640 omnes,
701 2546 735 2619 or
754 2565 831 2618 non
846 2541 914 2617 s1nt
924 2542 963 2617 in
979 2546 1059 2638 ipsis
1074 2544 1266 2624 schismata.
1328 2591 1333 2620 2

347 2649 386 2721 sn
405 2649 525 2746 spiritu
549 2648 730 2719 vehementi
743 2661 893 2732 ,conteras
917 2666 1020 2718 noves
1051 2639 1205 2741 Uunrſsr,
1242 2647 1328 2742 Ue]

267 2745 436 2842 Tharsrs,
455 2748 570 2822 maris.
621 2743 765 2826 Dicitur
784 2757 903 2824 autern
920 2739 1069 2824 Tharsu¹
1084 2763 1166 2837 pars
1184 2739 1329 2822 AEthio·

267 2847 358 2944 piae,
385 2844 563 2922 &Tarsus
582 2845 709 2920 civitas
725 2845 818 2940 apud
829 2843 958 2939 Jonam
972 2841 1114 2930 Tharsrs
1131 2861 1303 2924 uocatur.
1406 2909 1408 2916 .

348 2948 443 3020 Sicut
468 2949 676 3034 audiuimus,
706 2946 752 3041 fic
770 2948 937 3038 uidimus,
968 2951 1005 3015 in
1031 2950 1170 3016 ciuitate
1193 2950 1329 3019 Domini
1400 2987 1402 2992 ·

266 3050 454 3135 uirtutum,
479 3052 517 3119 iu
533 3052 669 3118 civitate
682 3047 746 3118 Dei
760 3044 877 3143 nostri,
902 3035 989 3139 isc]
1013 3043 1127 3118 Extra
1142 3046 1343 3124 civitatem.

268 3142 412 3241 quidem
444 3148 666 3234 audivimus3
702 3143 856 3219 vidimus
881 3162 982 3226 ¹vcro
1008 3145 1225 3218 incivitate
1258 3168 1327 3241 ea,

269 3268 348 3340 quae
368 3247 465 3339 prius
491 3242 748 3320 audiveramus.
799 3241 954 3318 Etcum
978 3242 1125 3318 essemus
1151 3242 1188 3316 in
1208 3243 1333 3319 medio

269 3348 394 3440 templi
415 3343 488 3437 tui,
514 3342 725 3436 suscepimus
738 3362 873 3416 nomen
886 3358 987 3417 tuum
998 3341 1035 3415 in
1048 3344 1209 3416 adventu
1229 3345 1331 3419 Chri·

268 3443 323 3521 sti.
373 3443 492 3542 Digne
509 3445 657 3537 nomine
670 3441 742 3516 Dei
759 3442 850 3515 satia
870 3442 921 3515 est
937 3446 1012 3516 laus
1032 3459 1169 3517 corum.
1290 3469 1293 3476 ·

345 3539 522 3641 Ejusdem]
550 3539 1328 3643 Quaecumqueaudimusde-Deoperficem,

269 3661 396 3738 caper
417 3645 503 3718 uitae
524 3645 717 3740 puritatem
748 3638 1022 3738 cognoscimus,
1063 3657 1216 3736 eorum,
1250 3661 1329 3736 quae

268 3744 468 3917 creuinzlus,
493 3741 750 3838 probationem
769 3758 835 3837 per
852 3740 1044 3823 affciiuum
1065 3744 1257 3826 carentiam
1272 3760 1329 3816 ac·

268 3862 385 3939 cipren
409 3861 448 3930 ,0-
577 3903 580 3908 ,

1037 4087 1042 4099 .
1168 4032 1282 4138 qiu.
