3242 4609
270 303 320 381 m
393 235 396 250 ’
471 259 1149 402 ··=,=ux²-o·aroarr4t÷2
1291 373 1293 378 ¹

194 442 204 480 ³
273 454 382 534 nubis
401 449 541 528 senibus
558 491 587 547 ‚·
602 437 871 547 qualem'nobis
893 454 953 526 vel
979 401 1259 546 eruditionem,-
1276 471 1315 527 vt

274 559 550 648 correptionem
562 555 762 645 imminere,
771 551 969 640 censemus,
984 573 1061 647 quae
1074 573 1151 627 non
1166 575 1187 628 a
1201 551 1315 648 disper

272 656 473 746 sutoribus,
498 674 619 746 neque
632 675 653 728 a
668 653 869 750 paedagogis
886 650 1065 726 infertur?
1090 653 1217 727 Novit
1236 654 1315 747 quit

272 773 322 853 pe
340 753 512 850 scriptura
526 755 757 852 paedagogum
772 753 809 838 dt
826 749 1101 846 dispensatorem
1113 755 1147 824 dt
1167 773 1315 854 procura

273 869 396 929 torem
418 856 587 948 parvuli,
614 858 698 946 quid
715 849 857 945 inquam
877 849 1315 946 'existimare‚·ue1sentir

274 955 475 1046 debemus,
500 974 582 1028 cum
604 958 648 1027 ab
668 950 746 1050 ipso
763 950 1192 1046 patrefamiliaseruditio
1215 951 1315 1046 nostr

273 1051 367 1130 nata
390 1054 520 1148 fuerit,
545 1067 654 1145 atque
680 1050 902 1147 correptio?
928 1051 1063 1125 lterum
1082 1051 1313 1126 redeamusa

272 1153 536 1232 fimilitudinem
561 1168 767 1248 puerorum.
819 1152 855 1224 Si
874 1151 1088 1246 corripiatur
1111 1171 1201 1245 puer
1225 1177 1246 1224 a
1269 1175 1315 1246 pa

177 1280 186 1289 ³
273 1256 440 1351 dagogo,
467 1275 543 1328 non
559 1256 627 1327 erit
643 1250 782 1328 necesse
797 1253 1161 1345 eumcorreptionem
1178 1266 1315 1348 paterna

275 1354 489 1428 austeritatis
505 1352 719 1448 agnoscere,
746 1375 824 1446 quae
840 1373 885 1426 ex
899 1353 1128 1451 gravioribus
1147 1352 1316 1426 delistist

270 1453 564 1551 flagitiosioribus
577 1466 817 1547 prouocatur.
868 1453 903 1524 Si
919 1454 1132 1546 corripiatur
1151 1452 1315 1547 adnitor

271 1565 384 1650 puer,
409 1574 486 1625 non
500 1553 552 1624 ita
568 1553 724 1626 austerus
736 1554 818 1626 erit
837 1553 1019 1650 magister,
1045 1551 1135 1624 srcut
1149 1545 1252 1647 pater
1267 1551 1315 1625 eli

269 1651 417 1752 potest,
444 1651 468 1724 sr
486 1651 746 1748 gravtadetrtla
761 1653 798 1726 in
816 1649 891 1724 filio
907 1652 1138 1747 cognoverit
1188 1652 1225 1724 Si
1241 1659 1315 1726 enit

275 1752 450 1843 corripiat
473 1767 575 1844 pater
594 1772 664 1846 pro
682 1753 877 1850 majoribus
894 1752 1192 1848 gravioribusque
1209 1773 1315 1844 pecca

274 1851 347 1943 tis,
374 1852 409 1924 tr
428 1844 568 1925 tantum
591 1851 634 1925 srt
657 1849 876 1931 commissum
899 1849 988 1940 filii,
1016 1852 1114 1944 quod
1134 1852 1315 1950 adiracun

273 1950 368 2024 diam
382 1952 626 2024 concitaverit
641 1968 801 2045 patrem,
826 1953 899 2025 sine
917 1951 1029 2024 dubio
1044 1947 1125 2045 post
1142 1953 1315 2028 cruciatur

272 2050 357 2145 pust
373 2049 543 2144 ssrrrplicia
564 2053 671 2126 eriam
694 2052 928 2125 abdicationis
946 2072 1050 2144 poena
1066 2051 1260 2144 metuenda
1274 2051 1315 2126 ell

202 2229 205 2235 ,
275 2149 314 2222 Si
332 2149 534 2222 intellexisti
550 2151 841 2243 similitudinem,
873 2151 976 2246 transt
997 2150 1081 2225 mihi
1101 2154 1150 2240 ab,
1165 2152 1315 2245 exempl

277 2251 432 2340 adrem,
449 2250 482 2321 u
499 2254 658 2348 intellige
671 2251 716 2324 de
731 2252 837 2328 nobis
852 2253 1038 2334 omnibus,
1060 2271 1137 2342 quae
1155 2250 1315 2323 dicuntur

276 2346 416 2421 Omnes
433 2347 608 2445 episcopi,
634 2365 742 2443 atque
757 2372 883 2448 omnes
895 2351 1118 2443 presbyteri,
1146 2350 1315 2425 veldiacc

276 2450 316 2522 ni
334 2449 502 2522 erudiunt
523 2471 620 2542 nur,
655 2452 690 2523 ἃ
712 2451 924 2544 erudientes,
943 2451 1113 2524 adhibent
1134 2452 1315 2544 correptit

275 2567 371 2641 nes,
408 2548 582 2624 &uerbis
601 2550 857 2624 austerioribus
881 2553 1080 2642 increpant
1138 2547 1188 2621 Et
1215 2564 1315 2624 auter

277 2648 424 2740 quando
444 2651 624 2723 erudimur
643 2651 750 2724 etiam
771 2656 790 2721 a
810 2650 1130 2743 procuratoribus,
1156 2649 1191 2721 u
1210 2651 1315 2723 autori

177 2754 181 2769 '
277 2747 368 2838 bus,
394 2748 518 2840 idest,
543 2753 589 2822 ab
608 2751 661 2822 his
677 2749 847 2845 Angelis,
873 2751 1000 2843 quibus
1015 2749 1156 2822 creditae
1176 2745 1255 2821 sunt
1274 2752 1315 2822 dit

277 2843 465 2940 pensandae
482 2848 516 2918 ta
534 2849 698 2946 regendae
718 2849 841 2922 animae
863 2849 1013 2923 nostrae:
1027 2847 1315 2940 -quemadmodur

278 2939 491 3018 describitur
506 2951 545 3019 in
563 2948 719 3037 quodam
734 2951 821 3021 loco
836 2947 996 3044 Angelus
1013 2948 1248 3044 poenitentiae,
1265 2971 1315 3041 -qu

279 3056 359 3117 nos¹
371 3041 512 3138 suscipit
529 3045 770 3142 castigandos,
796 3049 885 3122 sicut
905 3048 1028 3122 Pastor
1046 3050 1229 3162 exponit„
1242 3049 1266 3120 sl
1278 3069 1315 3120 ct

278 3155 401 3218 tamen
423 3144 563 3218 libellus
581 3147 642 3220 ille
659 3148 885 3242 rocipiendus
903 3147 1059 3224 videtur.
1118 3149 1264 3221 lnterrm
1287 3150 1315 3222 d

278 3241 392 3316 versis
405 3246 667 3319 eruditionibus
690 3246 948 3322 succumbimus
966 3269 1035 3323 nos
1051 3249 1216 3321 homines
1239 3247 1315 3322 cast

193 3389 195 3393 -
278 3344 468 3512 fartibus,
493 3366 563 3419 nos
583 3347 617 3444 bt
635 3348 937 3441 corripientibus:
970 3347 1273 3422 nondum'tamen
1294 3370 1313 3422 a

276 3443 359 3534 plb
384 3444 633 3536 patrefamilias
656 3446 882 3545 castigamur,
913 3447 972 3544 sed
993 3471 1015 3521 a
1033 3450 1315 3540 procuratoribu

275 3537 461 3646 Angelis,
494 3547 554 3639 qui
577 3547 857 3640 uniuscujusque
881 3545 993 3621 nostri
1011 3546 1208 3644 castigandi
1230 3561 1314 3641 atqu

280 3642 495 3716 emendandi
511 3645 715 3720 sortiuntur
738 3645 922 3739 officium,
962 3647 997 3721 dt
1018 3648 1077 3721 est·
1094 3649 1315 3722 tolerabilius

280 3760 364 3816 cum
380 3743 426 3816 ab
443 3743 563 3838 aliquo
576 3747 706 3823 horum
718 3748 942 3840 corripimur.
991 3746 1051 3821 Sic
1069 3767 1215 3839 quoque
1231 3748 1315 3822 inter

280 3839 366 3915 dum
389 3843 495 3918 etiam
512 3846 709 3943 paedagogo
729 3845 910 3946 commissa
924 3843 979 3944 ,est
996 3845 1119 3922 nostra
1139 3848 1315 3941 correpti<

279 3936 378 4020 Nam
391 3941 684 4050 quicumque-sub
701 3947 782 4047 lege
797 3960 926 4056 etant,
952 3948 1122 4050 quoniam
1145 3951 1206 4023 lex
1226 3951 1315 4041 padi
