3242 4609
340 323 391 394 ,⁴
570 259 700 391 'rx
749 287 1129 390 orirerur:

334 455 420 564 justi
432 445 1113 556 quidemnontampropensrsunterga
1126 453 1404 538 sollicitudinem

337 559 472 652 uiuus,
485 555 710 650 quamenixe
719 552 1143 654 geruntjustitiacuram
1157 557 1208 632 ita
1221 573 1263 632 ut
1280 561 1401 658 etiam,

337 661 364 738 sr
384 663 434 732 cis
452 656 640 751 querenda
657 653 760 750 sunt,
786 675 865 746 quae
885 655 929 729 ad
944 653 1078 730 vitium
1092 656 1285 732 necessaria
1298 656 1400 758 sunt,
1435 743 1436 748 q

338 763 475 850 absque
493 755 663 849 inJ'ustitia
682 769 904 848 querantur,
929 771 973 828 ut
988 751 1062 851 ipse
1079 757 1229 850 quastus
1248 779 1401 856 eorum,

338 863 400 954 qui
418 857 633 950 quotidiano
645 853 721 930 usui
729 852 943 930 necessarius
959 853 1031 950 est,
1058 875 1140 933 cum
1154 857 1253 931 omni
1266 856 1402 952 justitia
1426 865 1432 872 ”

337 957 414 1038 fiat.
465 953 589 1049 anusti
603 975 697 1030 vero
710 953 800 1030 nihil
814 955 996 1029 curantde
1007 955 1160 1050 justitia,
1185 953 1401 1038 sedomnem

337 1079 459 1134 curam
469 1057 506 1129 in
518 1057 593 1130 hoc
601 1054 1032 1150 impmdmuthmodo
1042 1058 1245 1150 acquirant:
1271 1059 1310 1132 in
1323 1060 1400 1134 hoc

336 1179 465 1234 eorum
490 1175 599 1230 omne
618 1154 769 1230 studium
794 1153 866 1249 est,
900 1156 1296 1251 quomodocumque&
1316 1179 1401 1255 qna·-

333 1259 537 1348 liacumque
553 1257 651 1330 lucra
667 1267 829 1349 captare:
854 1274 931 1330 non
942 1267 1119 1352 querunt,
1136 1256 1270 1333 sibene
1280 1260 1400 1353 acqui·

334 1374 445 1453 rant,
471 1355 597 1430 sicum
617 1353 778 1448 justitiae
804 1374 881 1429 non
902 1352 983 1429 sunt
1004 1353 1175 1452 solliciti,
1199 1373 1242 1432 ut
1256 1356 1398 1451 judicio

298 1481 303 1490 ·
336 1455 467 1546 Christi
501 1455 731 1528 inveniantur
756 1451 987 1548 porseffiones
1012 1475 1138 1530 eorum
1163 1477 1245 1547 cum
1263 1457 1399 1552 justitia

334 1555 496 1650 quaesltae.
549 1553 752 1654 Quomodo
770 1551 918 1650 possunt
935 1555 1012 1630 haec
1030 1553 1171 1649 facere,
1198 1556 1258 1649 qui
1273 1577 1398 1654 agrum

333 1659 517 1752 adagium
534 1654 780 1751 conjungunt,
806 1654 841 1728 dt
858 1655 981 1728 villam
991 1655 1088 1728 villae
1097 1658 1335 1752 appropiant,
1354 1671 1397 1733 ut

195 1829 197 1834 ,
332 1755 464 1846 aliquid
481 1753 651 1847 proximo
665 1751 856 1828 auferant?
883 1751 1073 1852 Cumergo
1087 1775 1198 1830 unum
1214 1775 1236 1828 e
1251 1756 1397 1833 duobos

330 1851 413 1930 fieri
430 1850 570 1926 necesse
583 1852 647 1946 fit,
672 1847 775 1927 idest
794 1865 857 1928 aut
874 1855 986 1928 multa
1001 1853 1187 1947 acquirere
1204 1875 1284 1929 cum
1303 1857 1397 1952 inju·
1432 1935 1437 1962 Ι

327 1949 446 2048 stitia,
473 1969 536 2027 aut
551 1952 734 2034 modicum
751 1951 1007 2048 cunrjustitia‚
1032 1953 1144 2026 melius
1165 1955 1229 2054 qd,
1254 1955 1395 2052 inquit,

330 2057 483 2126 modicum
501 2053 581 2152 justo
603 2053 694 2148 super
713 2055 850 2130 diuitias
869 2070 1061 2148 peccatorum
1077 2054 1228 2162 multas„
1257 2053 1307 2128 Et
1330 2075 1395 2132 ve·

328 2173 373 2229 re
397 2152 490 2245 quan
508 2150 650 2245 speciali
671 2151 828 2248 quoram
849 2153 959 2227 utun
974 2129 1094 2228 ndu
1112 2153 1247 2228 unua
1266 2155 1303 2228 tn
1328 2155 1395 2231 rnr-

326 2259 469 2348 quitate
483 2251 683 2329 censentur.
733 2251 843 2327 Unde
858 2251 976 2425 &ffo
993 2254 1171 2346 arbitror,
1193 2254 1393 2332 Dominum
1435 2315 1436 2320 a

330 2352 609 2426 &Sal'vatorem
628 2350 787 2427 nostrum
804 2403 818 2447 ,
849 2371 896 2446 qu
931 2375 943 2426 1
962 2371 1052 2426 vere
1072 2352 1191 2427 Deum
1210 2351 1244 2426 o
1266 2352 1394 2430 Domi·

315 2453 416 2527 'num
427 2450 671 2528 Mammonam
687 2452 885 2547 iniquitatis
897 2450 1167 2546 pronunciasse,
1191 2473 1271 2527 cum
1285 2453 1392 2529 dicit:

334 2555 445 2624 Potite
460 2556 549 2624 vobis
561 2558 675 2628 amicos
692 2549 729 2625 dr
745 2559 856 2652 iniquo
873 2557 1071 2625 Mammam.
1096 2552 1186 2627 Haec
1197 2551 1391 2630 secundum

322 2653 480 2730 literam.
529 2651 726 2728 Videamus
740 2671 859 2745 nunc,
878 2649 903 2724 sr
918 2649 1003 2743 quid
1015 2652 1121 2725 etiam
1130 2647 1256 2726 secreti
1274 2654 1391 2750 conti·

322 2751 414 2828 'neat
429 2751 555 2827 sermo.
591 2751 682 2825 Sunt
697 2753 809 2825 muita
825 2751 860 2824 δι
877 2748 1016 2823 diversa
1028 2748 1141 2824 studia
1154 2753 1337 2828 literarum
1350 2753 1389 2827 in

325 2849 578 2943 boemundo,
602 2865 645 2922 ut
668 2847 814 2943 videas,
838 2849 1116 2944 quamplurimos
1131 2843 1390 2947 incipientea‘a

324 2951 562 3048 grammaticis
571 2949 726 3023 ediscere
738 2949 894 3023 carmina
905 2962 1109 3043 poetarum,
1121 2951 1389 3026 comediarum·

271 3039 276 3056 ¹
326 3069 399 3140 que
416 3048 575 3141 fabulas,
600 3049 851 3145 tragaediarum
873 3050 935 3122 vel
955 3051 1217 3124 commentitias
1238 3052 1299 3122 vel
1321 3051 1389 3125 iro·

324 3145 497 3223 notificas
518 3149 765 3243 narrationes,
797 3146 1024 3224 historiarum
1047 3150 1155 3245 longa
1182 3169 1225 3221 ac
1248 3147 1389 3224 diversa

323 3248 538 3339 volumina,
564 3262 641 3322 tum
660 3247 790 3322 deinde
801 3248 948 3324 transire
960 3247 1004 3322 ad
1013 3245 1254 3341 rhetoricam,
1278 3261 1388 3341 atque

322 3344 373 3420 ibi
394 3366 538 3420 omnem
560 3343 682 3421 sucum
699 3348 917 3441 eloquentie
934 3367 1120 3442 quaerere,
1152 3347 1234 3442 post
1256 3347 1388 3423 venire

242 3447 245 3452 '
323 3444 369 3519 ad
380 3443 662 3541 philosophiam,
681 3445 893 3541 perscrutari
903 3445 1143 3550 dialediicam,
1165 3445 1386 3545 syllogismo·

321 3563 402 3618 rum
423 3565 536 3620 nexus
553 3548 752 3642 inquirere,
778 3546 957 3623 mensuras
976 3548 1184 3643 geometria
1201 3559 1385 3640 pertenta·

197 3659 205 3690 ι
321 3662 387 3736 re,
421 3643 595 3721 astrorum
620 3650 717 3746 leget
738 3667 781 3721 uc
799 3645 977 3720 stellarum
1005 3641 1124 3720 cursus
1145 3644 1383 3743 perscrutari,

321 3746 493 3861 omittere
506 3767 651 3864 quoque
667 3767 737 3821 nec
754 3743 941 3863 musicam:
955 3743 1065 3862 ‘dt-sic
1076 3765 1143 3863 per
1159 3765 1287 3864 ornnes
1300 3745 1382 3863 istac

321 3846 453 4021 {2⁰32}
466 3844 1382 4046 iniustissimis&'antitisti

1200 4057 1330 4139 ptem·
