3242 4609
267 352 297 424 6
481 339 1051 438 ,.·Ex-0RIGENE

270 509 376 588 libus.
424 505 513 585 Hoc
526 507 580 612 ,⁶st
596 529 711 606 ergo,
735 508 837 607 quod
855 528 924 586 noe
945 506 1079 584 edocet
1091 503 1268 602 psalmus,
1292 518 1337 606 ue

273 608 443 704 quoniam
459 629 572 704 genus
584 611 770 688 hominum
786 610 955 708 proclive
971 607 1022 684 est
1039 608 1083 684 ad
1098 608 1336 702 zelotypiam,

273 709 496 808 &perfacile
517 709 561 786 ad
579 710 708 787 vitium
723 709 815 788 istud
831 709 1045 800 inclinatur,
1077 705 1254 799 observa,
1286 727 1336 794 oe

272 809 311 886 id
323 830 425 906 agas,
452 809 551 906 quod
571 812 685 886 malos
702 811 867 888 homines
885 809 923 888 io
935 809 1199 886 emulationem
1216 807 1270 882 tui
1287 808 1335 879 ir·
1353 845 1357 858 ·

272 911 381 1001 ritet,
410 908 505 986 &ed
519 909 750 988 infidiandum
769 907 836 984 tibi
852 910 1036 1000 concitet,
1062 909 1125 982 vel
1146 907 1190 981 ad
1210 906 1358 982 odium·

273 1011 328 1085 tui
352 1009 498 1087 excitet.
547 1007 605 1102 Et,
620 1010 672 1088 est
686 1011 759 1088 hoc
777 1025 922 1102 totum,
948 1008 1047 1103 quod
1064 1003 1336 1104 fignificaturin

210 1107 216 1122 '
273 1108 330 1186 his
344 1111 532 1200 omnibus,
558 1123 601 1184 ut
619 1133 737 1204 neque
751 1108 824 1204 ipse
844 1127 1031 1206 provoces
1046 1109 1128 1182 mali
1140 1104 1337 1182 aemulatio·

273 1228 358 1286 nem
377 1209 562 1286 adversum
579 1225 638 1301 te,
663 1232 782 1304 neque
799 1225 842 1284 tu
857 1209 1052 1306 nequitiam
1067 1207 1242 1284 aemuleris
1255 1207 1339 1279 alie·

273 1328 369 1388 nam.
420 1310 622 1408 Quomodo
643 1331 730 1408 ergo
746 1313 860 1390 homo
878 1309 1072 1405 nequitiam
1089 1307 1274 1384 aemulatur
1290 1306 1338 1378 il·

276 1407 414 1486 terius?
439 1410 524 1487 Sine
538 1410 651 1487 dubio
668 1434 749 1489 cum
765 1412 889 1489 eadem
907 1410 990 1507 agio
1029 1406 1142 1509 Quod
1156 1420 1274 1481 autem
1288 1401 1340 1477 di·

276 1529 348 1601 co,
374 1512 446 1584 tale
464 1508 524 1587 est.
562 1509 599 1585 si
618 1512 696 1608 quis
711 1512 754 1590 fit
779 1533 844 1609 per
863 1508 1087 1603 iniquitatem
1106 1507 1209 1580 dives
1225 1503 1339 1580 soiius

275 1631 323 1686 ex
335 1629 514 1704 paupere,
539 1609 619 1687 s1s1t
635 1612 867 1704 vicinusejus
882 1631 1014 1708 egens,
1041 1605 1213 1681 &videat
1224 1606 1340 1695 iilum,

277 1710 338 1802 qui
352 1708 397 1784 de
410 1723 505 1785 terra
522 1707 694 1803 surrexit,
721 1711 820 1790 &ed
839 1710 1045 1786 divitiarum
1063 1707 1205 1781 culmen
1223 1703 1343 1778 ascen·

277 1807 352 1900 dit,
378 1809 762 1903 &incipiataemulari‚
788 1827 830 1886 ut
846 1807 1002 1886 imiliter
1017 1807 1122 1886 etiam
1133 1804 1341 1899 ipseexini·

277 1911 415 2003 quitate
436 1907 606 2006 ditescat,
640 1910 789 1990 hocest
808 1911 965 1988 aemulari
985 1907 1158 1984 facientes
1177 1905 1342 1996 iniquita·

277 2020 364 2086 tem.
415 2007 543 2086 Sed&
567 2010 593 2088 fi
619 2013 697 2103 quis
720 2033 831 2103 eum,
864 2009 926 2103 qui
943 2009 1006 2084 vel
1027 2006 1172 2086 furtivis
1189 2004 1341 2097 stupris,

277 2110 341 2186 vel
357 2109 490 2184 illicitis
509 2113 700 2188 eonatibus
720 2113 814 2188 ultra
830 2110 954 2186 locum
976 2108 1011 2184 &
1030 2104 1227 2184 mensuram
1245 2103 1343 2178 suam

277 2206 598 2303 inveditnuptias‚
619 2214 772 2302 domos,
797 2210 963 2303 divitiae,
988 2207 1142 2284 aemulari
1160 2205 1273 2297 velit,
1299 2224 1343 2277 ae·

278 2310 434 2385 mulatus
446 2307 498 2386 est
511 2310 683 2387 facientes
699 2311 936 2403 iniquitatem.
986 2309 1062 2404 Jam
1075 2326 1168 2383 vero
1183 2326 1262 2395 eos,
1282 2302 1345 2394 qui

278 2428 344 2506 per
362 2407 501 2483 diversa
518 2409 672 2504 flagitia,
698 2412 762 2486 vel
774 2411 936 2507 indignas
954 2423 1062 2504 atque
1075 2405 1215 2480 illicitas
1236 2402 1346 2478 ambi·

278 2507 400 2583 tiones
414 2509 459 2584 ad
473 2510 649 2587 immerita
660 2513 844 2590 bonorum
858 2509 1012 2587 culmina
1023 2516 1291 2601 pervenerunt,
1310 2499 1345 2575 δι

278 2607 409 2706 iniquia
423 2607 638 2691 enitionibus
655 2613 719 2688 vel
733 2611 892 2688 cruentis
912 2607 1074 2683 manibus
1092 2606 1252 2682 honores
1268 2620 1346 2678 non

278 2707 344 2784 fibi
366 2708 510 2786 debitos
527 2724 786 2808 occuparunt,
814 2714 882 2788 hos
900 2706 926 2783 fi
943 2706 1020 2798 quis
1038 2707 1165 2782 videns
1188 2702 1231 2778 ad
1254 2700 1346 2778 fimi·

277 2808 351 2925 {ein
381 2807 621 2888 inflammetur
653 2809 845 2905 insaniam,
876 2807 1060 2886 emulatus
1092 2804 1144 2884 est
1170 2802 1359 2882 facientes.

279 2909 545 3002 1mquitatem.·
861 2949 863 2954 ·
1102 2961 1104 2968 .

353 3029 389 3087 e.
414 3006 614 3101 Propterea
630 3029 720 3106 ergo
740 3007 913 3086 mundato
930 3007 1080 3084 Domini
1091 3006 1345 3095 illuminamur,

279 3116 324 3184 ot
338 3127 421 3208 cum
438 3110 674 3186 emulationis
693 3110 826 3188 illicitae
840 3107 981 3186 flamma
994 3128 1060 3181 cor
1072 3104 1232 3180 nostrum
1248 3123 1347 3180 men·

280 3216 427 3300 temque
446 3205 665 3302 pulsaverit,
691 3231 761 3286 nos
781 3208 904 3284 verbis
919 3208 1039 3285 edoiti
1056 3208 1233 3283 dicamus:
1258 3202 1346 3280 iae·

280 3309 408 3383 molari
418 3309 577 3384 voluero
593 3309 691 3384 intor
703 3310 952 3404 malignantes,
967 3319 1030 3384 aut
1041 3308 1224 3384 aemulatus
1239 3302 1345 3381 fuero

280 3403 457 3484 facientes
469 3409 715 3506 iniquitatem,
734 3409 844 3498 vide,
863 3406 948 3503 quid
969 3405 1154 3502 sequatur:
1181 3405 1275 3480 Sicu't
1285 3402 1347 3496 foe·

281 3529 379 3594 nun,
396 3508 537 3602 inquit,
551 3512 613 3582 cieo
627 3511 785 3602 crescon,
797 3505 838 3586 θ
846 3507 928 3602 ficut
940 3509 1024 3579 olera
1039 3508 1281 3578 berberensem
1295 3507 1347 3580 de·

280 3608 396 3682 eidone.
421 3610 490 3686 Vis
503 3608 611 3688 etiam
626 3610 772 3688 alterius
787 3608 981 3702 Prophetae
995 3606 1041 3682 de
1055 3606 1187 3682 talibus
1199 3603 1349 3682 monitis

282 3706 496 3784 euiioritate
512 3705 669 3788 muniri?
687 3706 814 3802 Audi,
840 3705 925 3800 quid
941 3708 1048 3784 etiam
1062 3703 1179 3784 Esaias
1188 3707 1234 3781 de
1250 3704 1350 3782 omni

281 3808 399 3986 gotia
409 3810 542 3886 carnali
558 3809 800 3905 pronunciet:
827 3810 958 3893 omnis,
975 3806 1112 3899 inquit,
1131 3831 1202 3880 caro
1207 3805 1348 3900 foenum,

340 3915 443 3984 omnis
454 3910 556 4005 gloria
567 3913 653 4004 eju,
675 3908 889 4010 utjiossoeni.
921 3909 991 3984 Vis
1007 3909 1113 3981 etiam
1132 3927 1197 4000 per
1214 3905 1350 3999 fingula

206 4035 210 4040 ·
283 4005 430 4107 videre,
456 4007 647 4106 quomodo
659 4007 730 4090 flos
748 4008 836 4090 foeni
860 4007 904 4150 iit
926 4010 1043 4089 eunio
1058 4004 1200 4113 gioria?
1221 4003 1349 4201 Xuige,
