3242 4609
242 237 257 292 ⁵
341 335 343 344 ·
424 254 1303 424 srtrcrnrru'rsatm·os.]14·5

235 461 401 540 nondum
422 439 598 560 periodus
626 464 725 542 sum.¹
768 465 859 540 Cum
884 483 1002 542 autem
1027 445 1301 549 tabernaculum

238 564 328 637 ellet
338 550 540 656 symbolum
557 565 758 655 proserius,
785 551 1307 643 admimbilitertenditaddo·.
1416 626 1418 630 -

238 686 337 748 mum
353 663 444 754 Dei,
471 662 597 755 idest,
622 665 904 758 perfedlionem,
930 669 967 740 in
990 677 1059 758 qua
1077 668 1179 740 Deus
1201 670 1300 743 habi-

240 777 295 835 tat
321 784 362 834 ac
383 759 638 837 commoratur
689 764 835 857 Porro,
870 766 929 855 qui
948 763 1148 859 spiritaliter
1172 766 1304 848 festum

209 865 445 955 ¹celebrant,
481 863 727 938 vociferantur
761 867 960 938 exultantes
999 866 1033 936 dr
1066 864 1305 944 confitentes.-

235 963 311 1035 Vel
333 964 409 1034 hoc
430 962 501 1033 ait:
529 962 778 1056 Memetipsum
801 963 996 1038 istiusmodi
1018 966 1144 1056 spebus
1169 966 1300 1041 conso·

239 1062 359 1142 labar,
385 1061 523 1133 dicens:
549 1066 780 1158 Quarorssfls‘s
802 1092 830 1132 es
847 1090 954 1134 anema
973 1070 1057 1135 mea?
1083 1063 1318 1157 Exspeiiavi.

239 1162 355 1251 enim,
381 1175 423 1231 ut
438 1183 494 1233 me
507 1165 662 1254 excipiat
678 1164 805 1235 beatus
826 1160 930 1251 finis,
957 1163 1161 1238 admirabile
1181 1168 1300 1250 taber·

238 1258 407 1333 naculum
425 1259 514 1354 Dei,
541 1262 736 1333 &interior
752 1263 878 1336 domus
898 1265 995 1355 ejus,
1015 1262 1057 1335 ¹in
1071 1284 1174 1353 quam
1192 1263 1301 1337 sancii
1348 1291 1351 1296 ⁵

242 1365 286 1433 ab
306 1354 474 1454 angelicis
491 1363 685 1434 virtutibus
700 1364 833 1434 elevati
846 1364 1136 1436 introducentur.
1187 1363 1302 1461 Quod

239 1459 265 1534 fi
289 1480 381 1553 vero
396 1462 544 1550 gauonm
553 1463 598 1555 fir
614 1487 649 1530 sss
669 1466 736 1531 coelo
755 1464 845 1557 super
862 1471 933 1532 'uno
948 1477 1122 1559 peccatore,
1144 1461 1302 1557 poeniten·
1369 1469 1372 1476 ’

241 1564 320 1630 riam
338 1578 467 1649 agema
495 1579 557 1630 cur
576 1581 651 1631 non
669 1562 823 1653 merito,
848 1562 930 1634 dum
947 1561 1028 1655 post
1041 1558 1169 1634 lunam
1185 1563 1302 1636 anima

238 1661 275 1730 in
293 1655 407 1730 sanita
425 1658 484 1729 illa
499 1658 651 1732 coelestia
671 1661 933 1751 introducitur,
961 1683 1038 1736 vox
1054 1658 1117 1733 fiat
1139 1663 1306 1734 exultan-

240 1758 287 1829 tis
310 1755 493 1828 &festum
517 1760 729 1831 celebrantis
752 1761 1009 1852 multitudinis,
1038 1774 1191 1854 propter
1214 1757 1303 1834 salu·
1381 1783 1401 1856 j

240 1871 315 1930 tem
332 1854 431 1947 ejus,-
457 1855 517 1946 qui
534 1857 715 1931 salvatur?
740 1858 812 1932 Pro
832 1861 887 1932 his
908 1861 1038 1957 igitur,
1064 1873 1106 1930 ut
1122 1861 1217 1932 veris
1235 1860 1303 1932 bo-

237 1959 317 2046 nis,
345 1956 472 2050 gratias
487 1958 568 2051 agit.
605 1960 715 2050 Quare
729 1959 830 2055 rrleis
845 1957 905 2034 es?
932 1962 998 2035 dcc.
1025 1958 1082 2031 Sic
1095 1959 1201 2054 igitur
1216 1980 1308 2034 non.

239 2052 410 2149 metipsos
425 2054 836 2130 tristes&conturbatos
850 2059 1086 2151 increpemus.
1113 2059 1300 2154 Quoniam
1327 2085 1329 2090 ·

238 2154 341 2226 Deus
360 2153 481 2227 noster
503 2154 554 2227 est
575 2156 725 2229 salutare
743 2159 866 2230 vultus
885 2159 1020 2251 nostri,
1047 2156 1191 2248 quando
1209 2156 1302 2228 rsoe'-

239 2258 309 2326 sato
321 2253 411 2346 facie
431 2260 564 2347 gloriam
584 2261 719 2327 Domini
737 2257 952 2354 speculantes,
977 2265 1015 2328 in
1033 2260 1166 2328 eamdem
1190 2260 1312 2351 imagi*

240 2350 609 2445 nemrronsformomur.
1329 2421 1331 2428 ,

322 2456 487 2550 Propterea
512 2464 775 2528 memoremus·
798 2458 835 2525 de
860 2472 947 2536 terro
971 2458 1127 2551 Jordonis
1154 2454 1193 2531 t&
1218 2459 1305 2525 Her·

215 2548 218 2552 ’
240 2558 374 2624 moniim
390 2571 528 2626 ornante
543 2555 764 2647 modies,d5c.]
789 2555 969 2648 Jordanis,
987 2554 1191 2641 descensus3
1212 2552 1305 2624 Her·.
1350 2551 1375 2638 J

239 2652 418 2745 moniim,
458 2656 654 2729 anathema.
705 2655 803 2728 Dum
841 2655 878 2725 irr
910 2656 1117 2726 memoriam
1147 2662 1304 2723 revocat

241 2753 481 2844 miraculum,
506 2756 603 2843 quod
621 2753 778 2851 sanesu
791 2754 900 2826 Nave
918 2751 1047 2826 facium
1061 2750 1111 2825 est
1125 2752 1161 2823 in
1178 2750 1306 2845 Jorda·
1418 2761 1428 2780 ⁸

242 2874 317 2943 ne,
344 2852 489 2941 quando
517 2852 626 2925 divisa
646 2853 697 2927 est
715 2876 825 2946 aqua,
854 2854 972 2926 donec
990 2852 1139 2936 fluuium
1159 2847 1306 2922 transiis-
1361 2925 1366 2938 ⁸

241 2950 295 3025 set
318 2954 496 3046 populus,
524 2953 688 3044 utillud,
721 2954 821 3044 quod
845 2953 888 3025 ad
912 2953 1116 3044 proximum
1140 2955 1316 3025 montem

243 3052 425 3146 contigit,
452 3050 596 3124 videtur
619 3053 807 3126 tristitia&
831 3052 960 3126 dolore
983 3049 1097 3128 affici,
1122 3047 1222 3141 quod
1241 3046 1306 3140 ipsr

241 3169 322 3222 non
343 3150 488 3239 eodem,
515 3172 592 3241 quae
610 3153 659 3226 illi
681 3155 847 3248 populo,
873 3154 1039 3246 obtingat
1061 3148 1304 3242 providentia.

242 3248 534 3326 Fortallis..etiam
551 3251 708 3341 quadam
728 3272 870 3326 morum
889 3250 1149 3341 mentiumque
1166 3240 1307 3342 expres·

241 3347 293 3422 lio
307 3347 359 3421 est
379 3351 500 3421 animae
519 3370 599 3422 cum
616 3349 691 3446 ipso
709 3352 964 3442 colloquentis.
1291 3431 1293 3437 ¹

323 3453 362 3520 sn
384 3452 433 3517 die
450 3453 616 3519 mandabit
628 3453 786 3521 Dominus
798 3448 1059 3540 mifiricordiam,
1083 3447 1122 3526 U
1138 3443 1227 3518 nosse
1239 3470 1308 3518 mo·

243 3548 428 3646 misellulis,
453 3546 540 3642 dic]
566 3547 726 3623 Rabsace
743 3551 829 3623 olim
846 3546 1036 3642 Jerusalem
1055 3546 1254 3637 obsidente,
1272 3546 1309 3617 dr

242 3644 496 3725 universorum
509 3648 657 3742 Deum,
694 3650 891 3740 quasrillos
916 3646 1053 3740 salume
1075 3667 1151 3717 non
1167 3643 1306 3737 pollet,

243 3747 535 3839 blasphemante,
566 3769 637 3822 una
662 3750 764 3845 plaga
782 3747 892 3821 nonu
918 3748 1133 3834 interierunt
1157 3760 1309 3817 centum

245 3847 434 3943 oiloginta
455 3849 609 3937 quinque
635 3849 744 3925 millia
760 3845 1011 3939 Assyriorum,
1045 3845 1209 3935 quicum
1229 3839 1308 3931 ipso

245 3960 361 4023 erant.
414 3946 503 4020 Cum
517 3947 623 4042 igitur
640 3949 731 4044 die,
747 3968 826 4040 quae
843 3946 988 4023 nouem
1004 3947 1097 4039 hanc
1113 3939 1308 4038 praeceslit,

298 4049 447 4145 origenis
476 4044 563 4123 Tim.
593 4050 693 4126 VIII.
892 4043 930 4124 K
1160 4040 1269 4113 [leue
