3242 4609
445 305 1165 504 crnecrntnetntuos.
1275 405 1338 482 ῃ,
1421 473 1423 480 ,

267 547 341 626 Sed
361 549 445 626 &in
456 553 531 626 alio
547 554 635 628 loco
651 552 756 627 dicit:
787 555 919 626 Contere
936 553 1100 634 brachium
1115 549 1337 647 peccatoris&

268 653 437 742 malignis
467 652 564 751 Quid
583 633 697 750 ergo?
721 655 904 729 brachium
920 653 1008 726 istud
1024 665 1240 746 corporeum
1252 663 1337 742 pec·¹

269 752 408 824 catoris
427 750 459 822 dt
476 753 619 847 maligni
635 755 836 847 putabimus
855 751 1144 827 conterendum?
1180 751 1269 826 Non
1284 724 1337 822 ia·
1440 751 1444 762 '

270 851 428 926 cilehoc
444 853 607 924 accidere
623 853 797 928 videmus.
824 854 925 928 Sedh
939 855 1162 943 intueamur,
1183 869 1336 944 quomo·

271 951 324 1024 do
347 970 428 1025 cnm
444 952 528 1024 elati
550 951 733 1026 fuerintin
753 953 950 1047 superbiam
966 966 1200 1050 peccatores,
1228 945 1336 1022 dr-ar'·

270 1063 346 1122 cue¹
358 1047 439 1122 suos
457 1052 684 1143 paraverint,
697 1053 747 1126 'u
764 1053 904 1149 sagittas
921 1056 996 1126 illas
1019 1053 1115 1142 suas,
1144 1051 1188 1152 de
1207 1051 1335 1142 quibua

268 1149 432 1242 superius
452 1151 627 1244 diximus,
661 1152 882 1226 tetenderint
901 1150 1067 1226 adversus
1085 1149 1225 1242 iustos:
1252 1163 1335 1224 cunt

268 1249 349 1324 haec
371 1251 487 1326 omnis
507 1269 634 1324 eorum
649 1252 806 1325 intentio
823 1252 972 1326 Domini
990 1252 1100 1328 fuerit
1119 1251 1257 1322 virtute
1274 1250 1335 1321 de·

267 1347 421 1439 struua,
448 1349 495 1422 hc
509 1351 640 1424 merito
659 1352 809 1444 dicitur,
835 1351 1018 1426 brachium
1041 1350 1242 1448 peccatoris
1264 1347 1334 1422 effe

268 1449 483 1522 contritum.
530 1451 605 1524 Vel
625 1451 846 1536 aliomodo,
867 1452 1035 1543 quoniam
1058 1471 1181 1523 manus
1203 1447 1236 1520 dr
1255 1448 1334 1519 bra·

270 1547 392 1622 chium
413 1547 534 1642 operis
556 1549 608 1622 est
629 1549 809 1628 indicium.
863 1551 900 1624 Si
921 1575 941 1626 e
983 1573 1007 1624 o
1026 1550 1149 1623 videas
1164 1563 1336 1642 peccato·

267 1668 344 1721 rem
367 1647 410 1720 ad
427 1668 521 1742 opus
544 1651 703 1744 bonum,
729 1651 774 1724 ad
795 1671 887 1745 opus
906 1651 952 1725 nri
969 1649 1154 1723 ericordiae
1173 1670 1247 1721 non
1273 1668 1334 1720 ex·
1425 1663 1429 1686 ·

267 1747 478 1822 tendentem
493 1769 634 1822 manum
650 1749 765 1844 suum,
798 1750 984 1826 absurdum
1000 1771 1076 1823 non
1098 1751 1167 1822 erit
1187 1749 1333 1848 dicere,

266 1848 452 1920 brachium
476 1848 551 1940 ejus
577 1848 647 1920 effe
664 1853 873 1927 contritum.
925 1851 994 1923 Sed
1012 1847 1215 1942 hujusmodi
1243 1868 1335 1936 con·

267 1948 551 2020 tritionemnon
570 1970 590 2021 a
608 1947 713 2041 Deo,
739 1947 797 2024 sed
820 1972 839 2025 a
856 1952 1001 2024 diabolo
1017 1945 1096 2022 fieri
1115 1947 1334 2022 credendum

266 2043 331 2120 est.
356 2044 434 2140 lpse
453 2045 504 2120 est
519 2047 632 2140 enim,
661 2051 720 2141 qui
738 2053 899 2123 conterit
914 2050 947 2124 dr
962 2045 1172 2143 constringit
1187 2048 1333 2120 brachia

267 2161 528 2242 peccatorum,
552 2168 600 2221 ne
619 2148 662 2221 ad
678 2148 953 2224 misericordiam
970 2148 1221 2223 extendantur.
1272 2146 1333 2220 Fit

269 2265 358 2342 ergo
375 2247 533 2338 quadam
548 2251 721 2320 contritio
737 2265 969 2343 peccatorum
988 2272 1007 2322 a
1022 2247 1129 2341 Deo,
1155 2267 1236 2320 cum
1253 2244 1333 2319 infi-

268 2346 406 2419 diantes
425 2366 491 2418 eor
511 2345 608 2440 justo
632 2347 825 2422 destruit&
845 2351 1028 2424 deterretz
1055 2347 1211 2442 quaedam
1237 2365 1332 2420 vero

268 2445 484 2538 adiabolo,
517 2465 597 2521 cum
618 2445 707 2522 boni
728 2450 851 2540 operis
871 2448 985 2522 studia
1010 2449 1114 2521 velut
1137 2445 1265 2519 vinciis
1296 2445 1332 2518 dt

268 2545 435 2618 contritis
450 2542 645 2621 infidelium
659 2548 814 2621 brachiis
825 2548 985 2640 impedit.
1036 2543 1085 2618 Et
1101 2545 1150 2619 est
1165 2547 1230 2618 alia
1243 2563 1332 2617 con·

268 2645 392 2736 tritio,
419 2665 532 2736 quaea
553 2645 636 2719 Deo
656 2647 797 2739 quidem
819 2647 1052 2736 conceditur,
1088 2645 1255 2738 impietur
1272 2663 1332 2714 au·
1355 2711 1357 2716 .

267 2759 339 2816 tem
354 2767 374 2818 a
389 2744 559 2839 diabolo,
573 2748 646 2840 illa,
663 2746 709 2821 de
726 2767 795 2839 qua
810 2747 953 2822 dicebat
969 2747 1131 2820 diabolus
1148 2743 1191 2815 ad
1206 2741 1331 2815 Domi·

267 2863 372 2916 num:
403 2848 630 2922 Verumtamen
641 2854 780 2921 immitte
789 2873 921 2920 manum
932 2864 1033 2934 tuam,
1052 2846 1088 2921 U
1104 2861 1198 2938 tange
1210 2847 1331 2930 omnia,

267 2967 336 3040 que
354 2943 472 3030 debet,
499 2948 558 3040 nifi
573 2954 609 3018 in
623 2947 790 3042 faciamte
808 2949 1021 3034 benedixerit,
1050 2946 1172 3018 &tum
1190 2943 1331 3037 accepit
1426 2947 1428 2952 ’

267 3045 399 3118 eumin
416 3044 606 3138 potestate.
657 3047 766 3123 Unde
784 3047 818 3122 de
833 3046 906 3146 ipse
920 3048 992 3145 Job
1005 3048 1075 3120 ait:
1102 3051 1231 3118 Manus
1246 3047 1332 3115 enim

269 3150 405 3214 Domini
422 3145 480 3242 ιβ,
507 3169 573 3242 que
586 3154 718 3243 contigit
738 3173 795 3221 ene.

345 3253 377 3321 8.
402 3246 554 3337 Suffulrr't
570 3264 673 3319 autem
683 3249 781 3346 justos
799 3252 968 3319 Dominus.
1021 3245 1094 3341 Qui
1104 3241 1231 3318 infirmi
1248 3242 1330 3318 sunt

268 3343 477 3438 &fragiles,
504 3367 596 3440 opus
612 3348 748 3421 habent
761 3345 963 3432 strffuitore.
1014 3347 1087 3419 Ubi
1102 3347 1204 3417 ruina
1218 3346 1330 3416 immi·

267 3459 331 3516 net
346 3444 380 3516 ἃ
396 3443 538 3540 lapsus,
564 3448 613 3518 ibi
625 3448 802 3540 'queritur
819 3446 1014 3524 suffultum.
1066 3444 1193 3519 Omnis
1211 3458 1331 3519 autem

266 3539 381 3616 homo
398 3559 568 3637 quantum
591 3547 634 3618 ad
656 3548 842 3621 humanam
865 3547 1090 3642 fragilitatem
1116 3543 1265 3638 spedat,
1296 3544 1331 3615 da

267 3641 428 3718 infirmus
444 3645 494 3718 est
508 3645 739 3741 &promptus
757 3648 799 3720 ad
812 3645 955 3737 lapsum.
991 3642 1039 3715 Et
1052 3646 1087 3716 in
1101 3646 1174 3718 hoc
1187 3644 1330 3735 quidem

267 3741 401 3840 psalmo
425 3742 680 3839 scriptumest,
707 3749 788 3839 quia
800 3746 914 3843 justos
934 3743 1111 3818 suffulciat
1126 3743 1329 3833 Dominus,

269 3843 304 3914 ἀ
326 3846 363 3916 in
382 3846 455 3917 alio
479 3845 588 3920 dicit:
613 3846 765 3939 Suffulcr‘t
792 3851 946 3918 Dominus
968 3870 1092 3931 omnes,
1118 3848 1174 3941 qui
1194 3845 1329 3930 cadunt,

269 3941 307 4020 ὅ
320 3953 414 4036 erigit
431 3951 592 4016 Dominus
604 3973 705 4018 omnes
723 3945 823 4036 elisos.
872 3944 1031 4018 Tantum
1044 3942 1114 4036 est,
1135 3958 1175 4015 ut
1186 3962 1254 4014 nos
1269 3962 1331 4013 ex·

268 4044 703 4148 pergiscamuruieuando
718 4045 986 4253 &nglemua
997 4104 1012 4148 ,
1024 4041 1355 4219 mmmffiffl
