3242 4609
276 397 279 404 ’
460 374 1159 497 s‘urucrnrnrsnrnon
1212 406 1217 426 ”
1262 405 1396 526 'ure

363 584 554 682 Ejusdem]
574 580 610 653 si
627 603 672 654 ex
687 578 844 653 fiducia
834 600 871 652 m
887 577 1007 655 Deum
1024 578 1067 654 fit
1082 581 1255 677 quispiam
1270 595 1349 657 tan·

285 704 391 776 quam
417 704 521 756 mons
548 680 657 773 Sion,
692 682 779 754 alius
806 681 930 771 utique
958 681 1091 753 exalia
1115 702 1155 755 re
1185 684 1350 775 quapiam

283 784 353 859 fiet
372 785 461 855 ficut
480 802 584 855 mons
591 777 772 874 Choreb,
798 780 886 852 item
909 781 995 854 alius
1015 781 1104 855 srcut
1122 803 1227 855 mons
1243 781 1348 873 Sina3

288 885 324 956 &
347 906 367 956 e
389 878 536 955 diuerso
555 874 619 954 fiet
643 882 766 973 aliquis
791 895 959 971 tanquam
983 902 1087 955 mons
1111 880 1285 979 AEgypti‚
1313 880 1352 960 δι’
1408 961 1410 967 ,

286 985 378 1057 srcut
401 1002 504 1055 mons
528 969 755 1095 Bribylonis,
789 978 950 1054 &instar
975 982 1150 1072 aliorum,
1177 983 1297 1077 quiap
1298 980 1349 1056 ud

287 1083 410 1156 hostes
433 1080 541 1163 sunt,
567 1081 755 1155 montium.
805 1080 879 1151 Vel
902 1065 991 1153 srcut
1015 1082 1075 1173 qui
1100 1080 1320 1154 confidunt
1309 1103 1357 1155 rn-
1402 1134 1405 1155 ι

287 1182 481 1274 Domine,
517 1183 620 1254 velut
644 1202 749 1268 mons
770 1179 858 1252 Sion
879 1177 978 1271 sunt,
1009 1182 1059 1254 ita
1079 1182 1133 1256 his
1157 1181 1350 1255 inferiores
1413 1264 1415 1268 ,

251 1337 253 1343 s
270 1297 396 1368 ,erunt
410 1282 500 1355 srcut
514 1297 682 1373 montes,
709 1301 768 1373 qur
759 1277 888 1352 '‘funt
878 1301 915 1352 rn
932 1279 1083 1355 circuitu
1100 1282 1188 1376 ejus.

288 1450 290 1455 .
368 1387 532 1453 Montes·
520 1407 557 1451 ru
577 1388 714 1451 circuitu
736 1384 824 1480 ejus,
851 1378 890 1455 (5
907 1385 1102 1451 Dominus
1090 1406 1127 1451 tn
1149 1382 1286 1452 circuitu
1296 1398 1353 1478 pu·

289 1482 359 1581 puli
373 1482 444 1570 sui,
473 1478 557 1575 suc]
590 1481 771 1553 Montes
762 1502 799 1552 rn
819 1479 971 1556 circuitu
980 1480 1176 1576 Jerusalem
1195 1482 1353 1556 arbitror

292 1581 362 1681 esse
383 1582 521 1654 divinas
539 1580 707 1657 virtutes.
755 1580 853 1655 Nam
873 1580 1109 1679 caſtrametatur
1129 1583 1267 1676 Angelus
1285 1588 1352 1653 flo-
1403 1670 1405 1674 ἲ

291 1686 376 1752 mini
393 1686 582 1752 incircuitu
603 1685 787 1754 timentium
802 1704 887 1768 eum,
913 1680 1061 1775 ipsemet
1077 1702 1170 1754 vero
1190 1686 1353 1753 Dominus
1379 1763 1381 1772 Ι

290 1787 329 1851 in
347 1786 479 1852 circuitu
490 1782 597 1878 populi
607 1783 672 1871 sui.
722 1778 895 1854 Diuersus
910 1780 987 1853 est
977 1784 1084 1877 rgitur
1101 1784 1256 1876 populus
1272 1781 1354 1854 Do·
1357 1848 1359 1853 .

290 1884 378 1957 mini
394 1904 412 1954 a
428 1884 636 1957 timentibus
651 1879 861 1957 Dominum
911 1880 1007 1955 Nam
1020 1881 1114 1954 aliud
1129 1880 1201 1974 est,
1231 1888 1354 1970 Domus

295 1982 391 2070 Israel
404 1982 737 2065 benediciteDemine,
764 1980 927 2092 ἃρϋυὰ,
952 1984 1354 2075 Quitimetisflominum,

290 2079 460 2153 benedicite
478 2086 626 2152 Domino.

354 2184 456 2273 Quia
470 2206 537 2251 uon
553 2184 714 2277 relinquet
739 2184 900 2250 Dominus
924 2183 1082 2277 osrgomp
1059 2196 1251 2277 peccatorum
1259 2182 1364 2278 super'

293 2285 403 2369 (errem
412 2282 580 2379 justorum,
600 2277 701 2374 suu]
714 2278 818 2371 Opus
833 2278 1041 2371 Domini,
1031 2302 1068 2353 rn
1085 2284 1210 2373 populi
1223 2281 1271 2354 sui
1289 2284 1356 2355 cir-

296 2384 394 2490 cuitu
409 2380 571 2454 existent·
547 2395 612 2473 trs,
639 2380 712 2471 est,
738 2396 779 2452 ut
798 2401 876 2452 non
893 2378 1002 2470 finnt,
1031 2380 1166 2477 virgam
1185 2394 1358 2473 peccato·
1340 2379 1374 2452 ·‘.
1406 2455 1410 2460 .

274 2503 374 2556 rum
390 2480 493 2575 super
513 2463 645 2559 sortem
657 2478 833 2574 justorum
845 2481 1049 2572 pervenire
1098 2479 1216 2577 Justus
1237 2496 1359 2556 nutem

272 2580 347 2657 'est
366 2583 522 2677 populus
545 2578 706 2655 Domini

372 2679 552 2779 Ejusdem]
579 2680 616 2753 Si
633 2679 707 2753 sors
718 2677 894 2796 justorum
910 2678 960 2752 est
977 2679 1141 2775 cognitio
1161 2678 1251 2770 Dei,
1277 2702 1357 2754 non
1396 2693 1398 2698 '

298 2783 476 2881 relinquet
491 2781 627 2874 justos
619 2802 654 2854 m
667 2780 892 2875 ignorantia,
917 2802 963 2852 ne
980 2780 1072 2852 illius
1090 2781 1140 2852 eis
1158 2771 1283 2855 auctor
1301 2780 1354 2855 srt
1405 2871 1408 2877 Ι

382 2884 427 2950 Ut
439 2906 504 2951 non
514 2883 686 2951 extendant
694 2881 774 2976 jussi
790 2883 829 2950 od
847 2886 1037 2976 iniquitates
1049 2881 1256 2967 monussuan
1272 2877 1357 2975 ssu]

302 2977 466 3051 Observa
479 2979 587 3071 ulud,
613 2983 810 3059 extendant,
836 2980 936 3072 quod
949 2981 1183 3071 rnrnrqurtate
1200 2978 1251 3053 fit.
1285 2981 1363 3053 Ve·

301 3079 543 3155 rumtamensr
568 3079 823 3172 enhypothesr
843 3079 964 3153 resista
978 3080 1088 3155 fuerit
1107 3084 1210 3175 virga
1231 3101 1362 3174 pecca.

302 3195 424 3253 torum
441 3177 542 3271 super
559 3176 689 3252 sortem
707 3178 898 3271 ustorum,
925 3181 1123 3253 extendent
1135 3178 1216 3272 justi
1227 3182 1277 3252 ad
1296 3182 1363 3255 ini·
1388 3221 1390 3225 ·

277 3278 362 3369 ,qui
367 3290 476 3350 tatem
496 3298 620 3351 manus
646 3276 733 3353 sas
783 3278 940 3352 Utemur
960 3295 1076 3354 autem
1095 3279 1148 3352 his
1166 3282 1311 3377 verbis,
1336 3282 1363 3356 st

305 3377 479 3469 quando
468 3398 507 3449 m
529 3377 778 3469 persecutione
798 3380 901 3454 multi
920 3378 1039 3453 Deum
1059 3381 1301 3475 negaverint,
1329 3383 1365 3456 st

303 3478 410 3552 idolis
436 3474 735 3569 sacrificaverint,
767 3499 809 3551 ae
841 3480 1026 3553 dicemus·
1064 3479 1369 3576 Quandoquidem

304 3599 382 3653 non
399 3590 501 3651 erant
517 3575 619 3668 Justi,
646 3598 705 3668 qur
696 3575 843 3652 Deum
865 3595 1018 3675 negant,
1046 3579 1171 3653 dimisit
1186 3579 1404 3657 Dominus

263 3677 442 3774 uirgam
462 3690 702 3769 peccatorum
709 3675 813 3769 super
829 3677 961 3754 sortem
977 3677 1154 3773 ipsorum,
1181 3693 1223 3751 ut
1242 3695 1369 3755 exten·

248 3779 394 3853 dant
414 3775 484 3850 ad
476 3776 682 3868 rniquitates
697 3796 822 3850 manus
839 3774 928 3855 suas.
977 3780 1029 3854 Ab
1045 3806 1079 3853 eo
1098 3786 1204 3873 enim,
1230 3788 1370 3882 quinon

281 3878 421 4022 habet,
446 3876 839 4004 corrumperemur,
865 3878 1040 3977 auferetur.

1215 4166 1378 4244 W&
