3242 4609
356 249 372 310 -’
442 219 727 378 saniora
749 263 815 370 tn
839 211 1167 348 asatuo'ss
1203 233 1219 280 ³
1249 281 1317 372 3⁸1
1362 196 1391 208 ..

1166 385 1173 406 l

262 439 434 517 brantet:
459 451 564 506 unam
585 429 757 524 quidem,
782 429 918 523 quoda
942 430 1153 527 captivitate
1173 428 1321 509 Diaboli

267 544 374 618 fimus
391 533 550 620 liberati3
577 533 723 626 alteram
738 549 830 604 vero
877 530 976 621 quod
993 530 1099 606 etiam
1115 531 1188 606 adr
1258 551 1320 612 um

271 629 445 714 coelonnn
462 593 687 710 aduniamur.
734 695 738 704 ,
838 582 868 692 ''..
934 697 937 703 ,
1190 556 1257 712 f&
1350 681 1354 686 .
1410 658 1414 664 ·

344 733 551 818 amentum,
576 737 630 827 qui
640 733 735 801 venit
750 732 787 800 in
800 731 927 801 nonunt
940 727 1187 821 Domini,&c.]
1213 727 1318 806 Hanc
1435 797 1441 820 ,

266 838 375 914 etlam
390 853 523 906 vocem
541 829 585 902 de
597 827 742 910 Christo
758 829 986 925 prophetiam
1002 828 1070 904 elle
1081 827 1323 924 exposuerunt

265 932 523 1031 Evangelistae:
548 926 621 1026 ipse
644 930 737 1003 enim
757 947 886 1001 revera
905 929 975 1024 est,
1001 930 1155 1022 quicum
1172 931 1323 1005 autlori·

267 1049 346 1112 tate
371 1033 473 1106 venit
494 1032 530 1102 in
551 1031 697 1128 nomine
716 1025 894 1122 Domini,
920 1040 1002 1104 cum
1026 1050 1152 1104 omnes
1175 1032 1219 1102 ab
1243 1034 1320 1126 ipso
1373 1113 1376 1126 ¹

266 1151 342 1210 tam
361 1135 453 1223 viri,
489 1149 591 1220 quam
613 1125 746 1223 Angeli
760 1130 927 1202 venerint
947 1121 1114 1226 tanquam
1131 1128 1224 1202 servi
1243 1131 1321 1206 Do-

267 1237 368 1314 mini.
420 1230 583 1330 Quilibet
598 1228 692 1302 enim
709 1248 834 1301 eorum
852 1229 1013 1310 dicebat:
1038 1228 1126 1302 Haec
1146 1229 1232 1301 dicit
1245 1230 1322 1304 Do·
1437 1263 1439 1268 ·

270 1336 406 1411 minus:
431 1337 466 1404 δι
485 1328 727 1418 unusquisque
739 1326 962 1424 Angelorum
979 1329 1034 1420 ei,
1061 1327 1104 1402 ad
1121 1348 1226 1421 quem
1245 1333 1325 1402 mit·
1443 1385 1445 1395 ,

269 1436 385 1524 titur,
410 1433 481 1521 ait,
507 1426 686 1500 Dominus
702 1426 794 1501 misrt
808 1449 876 1504 me.
927 1428 1066 1503 Verum
1083 1428 1164 1524 ille,
1190 1429 1250 1521 qui
1260 1452 1324 1505 ve·

247 1527 252 1538 ’
270 1536 329 1610 nit
342 1536 383 1606 ln
397 1530 544 1602 nomine
562 1526 732 1619 Domini,
757 1528 962 1602 benediilus
980 1528 1041 1603 est.

321 1715 324 1720 Ι
349 1634 437 1703 Deus
462 1633 619 1702 Dominus
640 1625 687 1720 (5¹
706 1629 814 1710 §luxit
838 1629 950 1717 orabis,
976 1622 1060 1722 ilo]
1088 1623 1205 1723 Ipsum
1229 1628 1325 1705 enim

247 1732 422 1824 ¹venire,
447 1724 611 1819 nonest,
637 1725 759 1800 locum
779 1743 938 1810 mutare,
964 1723 1023 1803 sed
1044 1745 1234 1826 apparere,
1267 1731 1327 1822 qui

247 1893 250 1906 .
273 1847 379 1908 antea
395 1829 538 1903 minime
564 1826 776 1900 videbatur:
808 1850 891 1903 nam
913 1850 993 1904 cum
1013 1829 1196 1902 invisibilis
1219 1826 1326 1913 ella,

247 1997 249 2012 .
274 1954 321 2008 eo
335 1927 434 2023 quod
448 1925 533 2002 ellat
550 1927 666 2022 imago
683 1925 753 2000 Dei
769 1927 974 2019 invisibilis3
999 1925 1152 2002 formam
1167 1927 1260 2001 servi
1271 1951 1328 2003 ac·

247 2023 431 2138 implens,
458 2026 689 2119 &Verbum,
716 2046 801 2102 caro
817 2024 971 2121 fabium,
998 2029 1178 2122 apparuit,
1198 2042 1240 2099 ut
1253 2030 1328 2103 hoe
1394 2048 1396 2053 ·

247 2127 389 2222 amodo
411 2145 606 2223 apparens,
635 2146 705 2200 noa
729 2124 921 2201 adduceret
944 2148 1009 2220 per
1032 2129 1125 2202 hanc
1150 2129 1329 2223 cognitio·

247 2221 360 2310 sitem
381 2229 425 2302 ad
440 2228 589 2324 gloriam
609 2245 756 2317 quoque
775 2225 879 2323 iplius
897 2226 1228 2321 contemplandam,
1256 2231 1330 2300 Glo-

247 2325 256 2352 ²
276 2337 364 2408 rim
378 2330 462 2427 quast
476 2330 667 2419 unigenitia
683 2328 796 2414 Patre,
820 2328 946 2422 plenum
953 2334 1072 2422 gratia
1086 2326 1125 2403 (ὅ
1141 2331 1307 2399 ueritatis·
1434 2399 1437 2404 ,

252 2431 255 2436 ’
280 2483 285 2502 ,
311 2481 320 2492 -
353 2431 541 2528 Conflituite
556 2424 807 2515 diemsolemnem
825 2432 861 2496 in
872 2427 1044 2522 cmtdenfis,
1069 2423 1165 2521 Gn]
1182 2423 1230 2500 Hi
1244 2448 1331 2501 con·
1409 2429 1411 2434 ’

274 2523 448 2621 densant,
474 2524 534 2619 q'ui
553 2521 701 2597 foliis&
724 2520 895 2599 fructibus
917 2541 1112 2617 ornantur3
1138 2527 1235 2600 foliis
1255 2528 1332 2618 qui·

275 2633 381 2708 dem,
407 2626 534 2717 idest,
562 2621 709 2712 officiis3
736 2623 906 2699 frnalibus
927 2647 1042 2719 vero,
1067 2627 1141 2700 hoc
1162 2623 1233 2717 est,
1259 2628 1331 2699 vir-

276 2732 429 2806 tutibuu
478 2725 620 2799 Etenim
628 2724 749 2819 folium
765 2745 890 2823 eorum
904 2751 970 2796 non
982 2725 1113 2824 defluet,
1140 2722 1178 2800 (7
1182 2725 1332 2816 frollam
1430 2731 1435 2738 ’

271 2835 372 2926 saum
392 2828 527 2901 dabunt
544 2830 579 2895 in
601 2825 819 2922 temporesuo,
847 2839 1041 2922 propterea
1056 2827 1154 2920 quod
1175 2822 1256 2901 sunt
1271 2827 1335 2922 ipsa

264 2933 384 3028 ligna,
406 2929 557 3025 plantata
569 2927 652 3013 [ectu
672 2926 810 3017 decursus
826 2951 992 3024 uquarum.
1031 2997 1033 3002 .

360 3027 541 3122 Ejusdem]
571 3027 727 3116 condensa
752 3041 865 3100 vocat
886 3024 1098 3117 Cherubim,
1125 3044 1201 3117 quae
1212 3026 1334 3121 propi·

276 3129 468 3204 tiatotium'
493 3125 773 3200 obumbrabant:
816 3128 889 3201 hoc'
912 3127 1005 3202 enim
1034 3124 1084 3199 est
1108 3131 1145 3196 in
1169 3129 1332 3224 cordenfis.
1364 3175 1367 3188 ι

279 3225 511 3303 condensae
527 3224 620 3300 enim
636 3224 686 3297 est
696 3239 837 3322 tegere:
865 3225 1059 3301 Cherubim
1073 3238 1190 3300 autem
1208 3228 1269 3300 alis
1282 3245 1335 3303 te·

275 3331 413 3430 gabant
437 3326 736 3420 propitiatorium.
1388 3333 1398 3354 ““
1438 3394 1441 3400 .

357 3434 445 3500 Deus
462 3451 542 3497 meus
560 3453 589 3495 as
603 3443 662 3516 tu,
688 3426 728 3500 Θ
744 3422 996 3517 conflictarent,
1021 3416 1106 3518 Da]
1133 3416 1203 3497 Hic
1217 3423 1335 3506 osten.

279 3527 355 3620 dit,
380 3525 487 3600 etiam
501 3523 633 3617 absque
648 3515 832 3608 beneficiis
847 3525 974 3622 gratias
986 3521 1055 3596 else
1070 3523 1219 3620 agendae
1232 3519 1334 3625 Deo,

247 3673 253 3682 -
275 3629 462 3726 ipsumque
470 3640 663 3719 propterea
677 3621 944 3721 glorificandum
958 3636 1108 3717 propter
1118 3619 1334 3719 majestatem

276 3743 415 3810 naturae
435 3729 530 3819 ojus,
556 3727 706 3818 propter
727 3725 876 3823 gloriam
892 3718 1118 3801 ineffabilem.
1169 3725 1255 3800 Hoc
1272 3731 1334 3827 igi.

278 3841 341 3904 tur
361 3827 454 3900 enim
470 3827 528 3900 hic
544 3825 713 3922 insinuat,
738 3821 922 3918 postquam
941 3826 1121 3918 enarravit
1137 3824 1333 3928 beneficia,

279 3928 408 4028 quibua
423 3919 568 4012 affatius
584 3921 665 4006 tut.
712 3915 919 4050 Etiamssne
934 3913 1018 4022 hle,
1039 3923 1176 4032 iuquit,
1201 3928 1330 4034 gratias

805 4079 810 4090 .
1160 4055 1288 4140 ,Q
1324 4061 1327 4088 2
