3242 4609
273 285 322 384 ιο
430 237 433 246 ’
508 253 1063 386 exonrorna

271 437 490 520 incurrerint
506 434 778 538 dr.rrgurntur,
809 419 1227 538 indignentur'adversur
1242 457 1331 540 eor,

274 543 335 635 qui
356 537 532 637 arguunt,
557 540 593 612 dc
614 539 758 614 oderint
782 561 859 613 eos.
911 535 1122 633 corripiunt
1138 542 1264 638 enim,
1287 559 1329 620 ut

273 643 477 718 emendent.
527 635 578 710 lit
596 639 670 712 boc
685 639 816 714 malum
832 637 902 712 fuit
921 638 959 712 in
978 634 1098 730 causa,
1124 656 1166 712 ut
1178 639 1288 717 'etiam
1308 664 1330 719 r

225 799 228 804 f
272 741 387 836 priori
404 736 544 834 populo
559 737 597 810 in
617 738 740 817 odium
762 738 980 812 haberentur
1000 737 1216 834 Prophetae,
1251 763 1331 836 per·

272 836 517 928 secutionibus
549 838 777 934 agitrrentur.
839 837 925 930 Hoc
956 835 1026 910 suit
1055 835 1193 932 cause,
1223 841 1329 934 -quo'd

272 937 410 1014 Esaiam
431 933 539 1010 secari
563 937 673 1029 fecit,
700 935 800 1029 quod
814 935 1020 1012 Zachariam
1044 937 1136 1011 inter
1157 941 1331 1037 templum

274 1036 434 1112 &altare
451 1036 628 1130 compulit
642 1036 832 1130 trucidari,
857 1037 1044 1133 Jeremiam
1065 1037 1236 1112 inlatum
1263 1061 1331 1114 eoe·

272 1139 311 1214 ni
325 1136 491 1232 demergi.
541 1133 590 1208 Et
604 1134 650 1210 ad
663 1136 826 1212 ultimum
842 1136 999 1211 haecfuit
1016 1137 1135 1230 causa,
1161 1153 1240 1230 quae
1252 1137 1331 1212 Do.

271 1237 407 1315 minum
437 1231 599 1310 nostrum
629 1232 747 1332 Jesum
777 1233 954 1312 curubim
988 1236 1062 1333 egit
1096 1236 1134 1308 in
1173 1257 1329 1316 crucem.

275 1333 407 1411 Omnia
423 1336 538 1430 enim,
562 1355 641 1428 quae
658 1331 762 1430 supra
774 1337 1060 1410 enumeravimus
1075 1331 1207 1409 scelera
1221 1352 1331 1432 atque

273 1436 428 1533 flagitia,
453 1455 529 1508 non
550 1435 620 1511 alia
637 1456 684 1509 ex
701 1433 803 1510 causa
827 1433 1007 1510 commissa
1023 1433 1123 1526 sunt,
1149 1435 1213 1512 nifi
1232 1437 1331 1530 quod

274 1536 357 1611 dum
379 1554 506 1608 omner
526 1529 779 1610 in'medicinni
799 1531 981 1630 disciplina
999 1531 1148 1608 resecari
1170 1549 1235 1631 per
1251 1557 1332 1611 cor·

272 1637 476 1728 reptionem
491 1632 771 1727 delinquentium
783 1635 935 1729 nolunt,
961 1653 1054 1712 eurae
1063 1634 1252 1727 impatiens
1263 1658 1331 1730 po·

274 1738 379 1832 pulus
395 1733 431 1806 u
445 1732 592 1807 medelae
607 1733 646 1808 iu
664 1734 858 1829 perniciem
872 1733 1046 1810 medentis
1065 1734 1202 1808 exarsit
1228 1734 1333 1810 Beati

274 1853 365 1929 ergo
388 1829 560 1926 sepientes
579 1831 651 1926 jam
665 1854 719 1907 ex
743 1830 815 1930 ipsa
834 1832 1006 1927 scriptura
1026 1833 1249 1927 appellantur
1270 1835 1332 1930 hi,

196 1929 202 1935 ’
274 1933 360 2027 qui,
385 1951 467 2008 cum
480 1931 722 2028 deliquerint,
740 1931 991 2030 inunguantur,
1016 1953 1092 2007 non
1110 1933 1267 2008 oderunt
1280 1927 1335 2008 ar·

275 2045 439 2132 guenter.
488 2031 545 2106 lta
559 2029 655 2106 enim
677 2031 765 2106 dicit
781 2030 979 2128 scripturae
1012 2035 1096 2106 Noli
1115 2041 1246 2128 argum
1265 2051 1334 2109 ma*-

273 2141 342 2221 los,
369 2157 409 2204 ne
424 2130 550 2204 oderint
571 2148 626 2219 rr,
649 2156 744 2228 argue
759 2132 955 2231 sapientem,
981 2128 1020 2209 b
1044 2133 1217 2205 maistre.
1270 2133 1334 2210 vi·

275 2233 363 2328 der,
388 2229 576 2326 quomodo
600 2228 792 2324 sapientem
817 2231 1013 2326 appellavit
1034 2229 1207 2325 scriptura
1229 2255 1333 2326 eum,

275 2333 337 2428 qui
361 2331 586 2426 correptioni
606 2331 789 2405 obnoxius
806 2328 882 2425 est,
907 2346 1119 2408 nontamen
1139 2333 1247 2424 odit,
1272 2331 1333 2407 sed

273 2431 385 2530 magia
418 2430 532 2528 diligit
561 2430 795 2527 arguentem?
820 2429 929 2506 Talea
960 2446 1062 2504 erant
1091 2431 1165 2526 illi,
1197 2433 1256 2524 qui
1287 2435 1331 2508 ab

274 2527 458 2627 apostolo
475 2529 738 2626 arguebantur,
764 2530 799 2605 dc
818 2530 1000 2605 confutati
1021 2551 1097 2606 non
1116 2529 1269 2604 oderant
1281 2550 1334 2604 rr·

274 2645 439 2730 guentes.
489 2628 599 2706 Unde
625 2629 659 2704 dr
684 2653 753 2728 ego
781 2630 936 2703 arbitror
961 2631 1089 2723 illum,
1123 2631 1183 2723 qui
1204 2630 1240 2704 in
1261 2631 1336 2704 Co·

274 2732 400 2806 rintho
419 2730 615 2827 gravissime
640 2729 862 2822 deliquerat,
895 2729 1033 2802 idcirco
1057 2727 1333 2806 misericordiam

275 2829 528 2922 consecutum,
555 2829 723 2920 quoniam
742 2841 931 2920 correptus
949 2823 992 2902 ab
1007 2824 1210 2922 Apostolo,
1237 2828 1333 2904 &ita

276 2931 408 3012 acerbe
426 2941 642 3020 correptus,
665 2940 709 2999 ut
729 2947 751 3000 a
771 2941 964 3020 *conventu
985 2924 1248 3002 abscinderetur
1266 2927 1335 3004 Ec·

276 3028 408 3120 elene,
422 3047 500 3100 non
509 3039 628 3101 tamen
636 3026 723 3099 odio
734 3027 859 3101 habuit
870 3041 1095 3124 arguentem,
1109 3024 1168 3102 sed
1181 3029 1333 3102 animad-

275 3125 481 3204 verfiontm
498 3125 676 3222 patienter
696 3128 863 3221 accepit,
889 3125 1086 3201 &fortiter
1107 3127 1202 3204 tulit.
1251 3128 1333 3226 Ego

276 3228 454 3320 arbitror,
479 3225 704 3320 quodetiam
719 3228 891 3321 majorem
907 3221 1070 3324 effestum
1089 3229 1260 3321 concepit
1280 3247 1334 3300 er·

276 3349 322 3426 ga
340 3326 511 3418 Paulum,
534 3339 643 3419 utque
666 3345 750 3423 erga
765 3347 915 3420 omnes,
949 3327 1009 3419 qui
1028 3322 1165 3400 statutis
1181 3325 1283 3401 Pauli
1294 3329 1332 3408 in

274 3425 668 3521 ejurauimadverfione
685 3437 886 3519 paruerant
917 3476 919 3479 <
937 3425 1047 3499 Unde
1063 3427 1097 3499 dr
1113 3426 1241 3500 Paulus
1260 3429 1336 3504 sens

274 3526 425 3601 tentiam
445 3538 629 3619 revocet,
664 3523 699 3598 u
722 3526 873 3619 eieitum
893 3518 1121 3622 reconjungit
1141 3523 1335 3622 Eccleliae,

277 3625 314 3702 dt
333 3624 430 3700 addit
447 3624 588 3700 dicens:
619 3625 813 3716 confirmare
835 3627 1180 3700 inconcinnarum.
1229 3627 1338 3706 Vidit

275 3726 469 3804 enimcum
485 3723 920 3820 postanimadverlionem
941 3722 1163 3822 conservasse
1183 3727 1336 3800 charitas

276 3839 371 3904 teme
395 3823 529 3900 &ideo
547 3824 658 3919 dixit,
679 3840 722 3899 ut
741 3827 847 3901 etiam
863 3825 944 3922 post
960 3841 1147 3919 peccatum
1163 3847 1240 3899 non
1260 3841 1336 3906 tam

275 3923 726 4024 nitueremrerchnitas,
750 3926 867 4007 iuerat
883 3923 997 4025 euim,
1022 3924 1083 4004 sed
1098 3928 1201 4017 utab
1211 3927 1336 4106 bonnm

702 4087 705 4096 ,
1237 4046 1279 4103 ua
