3242 4609
265 279 312 399 32
512 286 1133 403 ·rxoo1oonr

264 459 406 556 sagittas
425 423 538 532 verba
560 457 681 549 ejus,
691 470 733 531 ut
749 454 916 554 sagittent
938 452 1055 529 restos
1077 401 1201 533 corde.
1250 413 1334 555 Sed,

265 565 327 653 qui
343 560 472 633 muniti
489 558 571 632 sunt
583 558 688 633 armis
704 556 795 649 Dei,
822 560 873 666 ab
882 558 936 629 his
954 558 1085 687 tatibus
1097 578 1174 631 noo
1188 572 1323 653 potue·

265 673 352 751 tunt
368 659 561 734 vulnerari.
702 732 703 735 a
739 707 742 712 -
1335 727 1337 732 .

210 755 212 762 ⁴
339 782 374 848 4.
400 758 515 854 Qttod
536 767 656 829 autem
679 753 833 845 addidit,
855 770 892 826 ut
916 699 1076 829 trucident
1101 754 1322 848 retinendi,

215 921 218 926 .
265 869 348 954 curn
366 851 527 949 superius
544 855 700 928 dixisset:
726 874 764 924 ur
785 860 843 950 de]
840 862 938 924 trani
952 878 1068 953 inopem
1087 859 1126 932 (a
1137 878 1322 972 pauperem,
1354 883 1358 906 ·=

262 949 383 1054 junrit
399 958 614 1050 pauperibus
629 953 885 1027 renoseorde:
906 974 998 1044 quos
1011 969 1118 1047 puto,
1135 960 1223 1048 quia
1234 943 1324 1029 fimi·

264 1060 349 1131 liter
375 1058 482 1127 etiarn
507 1054 687 1127 Dominus
713 1051 911 1149 conjungat
941 1056 978 1125 in
1003 1053 1227 1150 Evangeliis:
1259 1057 1323 1130 ubi

228 1232 231 1240 ,
265 1157 363 1229 enim
377 1155 464 1226 dreit
475 1157 603 1227 beatos
620 1172 826 1245 pauperes,
844 1154 893 1225 ibi
908 1152 1207 1227 etiambeatisrcat
1221 1175 1324 1229 mun·

179 1306 181 1309 .
266 1256 335 1327 dos
356 1254 495 1343 corde,
530 1254 563 1323 δι
586 1252 675 1324 nihil
695 1250 861 1324 interesse
882 1255 1065 1325 arbitror
1055 1268 1150 1326 mter
1165 1256 1323 1330 mundos

182 1407 189 1426 .
265 1350 562 1442 cordedierettos
584 1350 707 1424 corde.
758 1350 1002 1425 Trucidantur
1020 1352 1228 1425 autemhoc
1246 1373 1325 1427 mo·

267 1445 329 1527 do.
379 1437 415 1523 Si
434 1454 512 1541 quis
529 1450 674 1541 simplici
696 1460 846 1545 mente,
879 1472 920 1521 ac
937 1450 1110 1523 desiderio
1134 1450 1260 1523 v'eniat
1278 1451 1323 1525 ad

218 1589 221 1597 ,
266 1549 482 1640 Ecclesiam,
509 1562 550 1621 ut
566 1547 749 1641 pronciat
777 1564 818 1622 ut
840 1550 968 1621 melior
978 1551 1017 1621 se
1039 1548 1122 1641 fiat
1137 1537 1323 1624 istefivi·

268 1650 353 1724 deat
377 1669 468 1739 nos,
494 1652 554 1738 qui
575 1648 718 1719 mutto
704 1669 776 1740 jam
796 1663 962 1739 ternpore
984 1646 1113 1721 infide
1136 1649 1322 1732 stetimus,

268 1751 328 1821 vel
345 1768 421 1821 non
442 1744 536 1819 redte
557 1762 725 1840 agentes,
751 1748 810 1819 vei
830 1767 912 1830 cum
928 1743 1155 1821 offendiculo
1172 1750 1325 1839 loquen-

266 1860 346 1939 tes,
372 1844 544 1918 efficimur
557 1847 607 1917 iili
623 1865 692 1918 nos
710 1845 827 1939 lapsus
843 1845 886 1918 ad
904 1860 1107 1938 peccatum.
1157 1845 1251 1921 Cum
1264 1872 1325 1924 au·

268 1948 581 2039 tempeccaverit‚
607 1946 805 2018 trucidatus
818 1944 868 2018 est
875 1943 1091 2040 ,&sanguis
1110 1965 1235 2018 anrmae
1247 1970 1324 2040 ejus

265 2044 447 2161 profluit,
454 2046 577 2120 otonis
591 2048 634 2117 ab
653 2065 700 2117 eo
717 2047 832 2116 virtus
845 2046 961 2116 vitalis
976 2044 1142 2118 abscedit.
1169 2042 1327 2126 ornam
1349 2097 1351 2102 ,

177 2193 200 2226 ι,
268 2145 337 2238 dis,
353 2145 447 2218 dici
438 2166 475 2217 rn
492 2143 643 2221 Genesi,
658 2145 741 2233 quia
755 2145 942 2241 sanguinem
956 2149 1136 2215 animarum
1149 2147 1324 2245 veiirararrr

267 2252 430 2341 exquiram
453 2245 491 2313 ab
516 2250 601 2313 omni
618 2242 729 2334 fratre
751 2244 789 2319 (Ε
809 2244 847 2315 ab
862 2269 947 2313 amnt
942 2245 1074 2359 bestia,
1102 2264 1179 2318 non
1195 2258 1325 2342 putes,

269 2348 400 2444 quia
371 2344 415 2415 de
431 2344 503 2415 hoc
517 2340 684 2439 sanguine
700 2364 918 2437 magnopere
933 2347 1114 2438 praecipiat
1128 2344 1326 2438 corporali,

268 2456 443 2559 quantum
463 2443 531 2515 de
524 2443 705 2514 interioris
728 2444 883 2516 hominis
898 2441 1095 2537 sanguine,
1122 2443 1157 2512 id
1180 2442 1253 2523 est
1279 2445 1325 2520 de

268 2544 346 2615 vita
366 2542 537 2615 animae&
559 2541 727 2638 sanguine
743 2541 933 2635 spirituali.
976 2542 1212 2614 scandalizati
1229 2546 1326 2619 enim

269 2644 394 2717 animae
400 2640 546 2737 sangnis
563 2641 774 2733 effunditur,
793 2662 876 2714 cum
889 2640 1105 2713 cecideritin
1122 2658 1326 2739 peccatum,

269 2742 305 2816 ἀ
325 2755 519 2835 propterea
533 2742 641 2833 dixit,
665 2742 761 2836 quia
767 2735 961 2831 requirit'dr
975 2740 1110 2835 sanguis
1125 2742 1202 2831 ejus
1222 2762 1241 2811 Ε
1258 2742 1327 2815 sra-

269 2853 338 2922 tre.
384 2836 431 2910 Et
446 2860 556 2929 quare
577 2842 684 2912 etiam
706 2861 725 2909 a
747 2836 867 2913 bestia
919 2837 956 2910 Si
974 2836 1087 2911 fidelis
1107 2837 1176 2919 est,
1201 2843 1263 2928 qui
1288 2855 1327 2916 te

269 2934 541 3019 scandalizavit,
568 2938 678 3011 frater
698 2936 770 3030 est,
797 2960 816 3008 a
835 2940 1163 3030 quolrequrrendus
1185 2937 1237 3011 est
1254 2939 1327 3015 san·

265 3040 348 3135 guis
359 3050 454 3109 tuus.
487 3036 612 3114 Frater
630 3039 726 3109 enim
739 3052 829 3111 tuus
841 3035 916 3130 est,
943 3042 1003 3129 qui
1019 3037 1111 3109 fudit
1124 3038 1329 3130 sanguinem

270 3151 394 3223 tuum,
411 3137 543 3210 &ideo
553 3133 685 3209 distttm
700 3134 772 3222 est,
788 3139 932 3208 dematur
942 3138 1065 3229 fratris
1082 3144 1238 3233 requiram
1249 3136 1340 3226 fian?

263 3242 403 3333 guinem.
453 3233 547 3312 Cum
561 3255 653 3309 vero
669 3238 848 3309 contraria
867 3236 1023 3329 potestas
1035 3237 1109 3309 fera
1125 3238 1326 3328 &nequam

200 3367 213 3422 s
269 3345 443 3433 perurget
459 3336 676 3419 hominem,
683 3333 885 3409 &infidelis
900 3335 969 3425 est,
984 3358 1048 3428 per
1064 3358 1172 3428 quem
1191 3338 1326 3410 insidia·

270 3450 352 3529 tur,
378 3436 582 3529 sapotuerrt
596 3432 723 3507 fudere
737 3432 941 3531 sanguinem
951 3457 1077 3508 ammae
1095 3441 1185 3517 tuae,
1212 3434 1328 3518 idest,
1354 3439 1356 3443 ’

270 3536 426 3628 dejicere
438 3548 476 3606 te
489 3537 528 3607 in
545 3548 755 3628 peccatum,
770 3533 956 3627 bestiaest,
974 3555 1039 3638 per
1055 3538 1328 3626 quomexquirit
1351 3541 1353 3546 ’

269 3633 454 3711 Dominus
468 3631 673 3730 sanguinem
686 3646 799 3708 tuum
815 3633 943 3705 Sed&
960 3629 1133 3709 Ezechiel
1147 3633 1328 3726 Propheta

270 3757 357 3810 cona
369 3735 473 3821 dicit,-
494 3732 756 3824 speculatorem
771 3732 807 3805 se
824 3732 977 3826 posttum
993 3734 1116 3806 domui
1132 3733 1248 3825 lsrael,
1266 3738 1331 3825 qui

268 3835 309 3915 fr
309 3834 590 3909 annunciaverit
600 3830 818 3925 rompheam
832 3834 1060 3925 venientem,
1079 3855 1161 3907 reus
1176 3854 1253 3906 non
1266 3832 1332 3910 fiat

270 3934 468 4039 tamenn,
490 3931 615 4012 srnon
630 3930 882 4028 nunciaverit,
904 3951 988 4010 reos
1003 3930 1247 4049 iitsanguinie
1258 3941 1279 4007 ε·
1293 3932 1331 4009 da

462 4053 496 4100 .·
1204 4053 1277 4112 -ιιι
