3242 4609
379 203 1098 403 'sutucnuinusuuuos
1205 203 1330 369 463.
1402 302 1404 313 ›

290 442 363 534 Qui
376 439 544 534 seminant
571 443 608 508 in
627 437 801 529 lacrymis,
838 438 878 505 in
899 434 1111 523 exsultatione
1132 427 1276 529 metent,

241 534 303 634 tn]
336 542 409 640 Qui
435 560 514 613 cum
536 538 663 611 labore
686 533 900 627 &lacrymis
924 550 1149 635 operantur,
1173 539 1208 611 in
1228 538 1277 610 la·

241 639 348 731 rymis
362 641 556 727 leminant3
584 638 644 729 qui
660 655 751 708 vero
767 636 900 726 absque
916 636 1042 732 labore
1056 633 1211 711 scicntiae
1226 636 1277 709 fa·

241 742 264 812 li
282 737 362 813 sunt
373 740 590 832 participes,
614 739 652 811 in
665 733 903 821 exsultatione
920 749 1070 813 metent.

434 1020 1056 1192 usnuuuscxnvl.

296 1237 330 1336 ifi
348 1242 507 1310 Dominus
522 1240 727 1329 udificooerit
747 1237 887 1324 domum,
904 1229 951 1306 'in
966 1259 1091 1309 vonum
1112 1235 1277 1309 laborave-
1343 1234 1345 1238 ’

241 1403 254 1417 ,
320 1338 420 1428 nunt,
446 1344 502 1436 qui
518 1340 685 1429 unificant.
739 1335 817 1433 Nifi
833 1340 991 1408 Dominus
1006 1336 1179 1432 custodierit
1197 1342 1277 1407 civi·
1360 1332 1367 1412 ζ

241 1457 337 1527 utem,
356 1438 481 1535 frustra
502 1441 634 1531 vigilat,
659 1438 876 1534 quicuflodit,
902 1432 986 1531 Dm]
1019 1436 1205 1510 Utendum
1220 1436 1276 1509 his
1377 1470 1379 1475 ·

241 1542 338 1611 *erbis
361 1551 490 1610 contra
510 1533 676 1631 superbas
695 1538 948 1633 cogitationes.
997 1533 1075 1610 Nifi
1094 1536 1276 1611 Dominus
1337 1585 1340 1592 f

241 1636 447 1732 edificaverit
466 1636 566 1711 suum
585 1637 792 1731 impertiens
811 1636 1004 1730 auxilium,
1029 1636 1068 1708 in
1083 1656 1216 1710 vanum
1228 1637 1278 1708 la·
1396 1655 1399 1661 ⁴

243 1751 441 1812 oraverunt
457 1734 685 1811 aedificantcs.
794 1743 800 1752 '
1209 1767 1213 1782 =

294 1835 476 1936 Ejusdem]
504 1835 659 1912 Primum
677 1836 850 1927 udijicovit
862 1838 1023 1930 Dominus
1038 1835 1278 1935 cossom,‘quam

241 1938 499 2032 :cupiscentum
517 1942 555 2007 in
576 1938 756 2011 mulierem:
782 1936 862 2029 qui,
888 1936 1057 2027 quoniam
1072 1955 1149 2009 non
1167 1930 1277 2007 aedifi·

241 2040 317 2111 avit
334 2057 414 2110 cum
426 2035 562 2129 Caino,
589 2037 774 2110 civitatem
789 2036 991 2110 innomine
1006 2032 1070 2108 filii
1081 2034 1133 2108 sui
1148 2031 1278 2109 Enoch

241 2134 436 2217 militante,
461 2138 645 2208 invanum
660 2132 969 2225 laboravitCain‚
995 2132 1171 2209 aedificans
1187 2151 1277 2210 eam.
1337 2175 1341 2185 ·

243 2238 287 2311 ed
310 2238 344 2310 δι
368 2235 432 2330 hi,
467 2235 527 2329 qui
548 2238 591 2307 ab
615 2236 757 2309 oriente
777 2246 1004 2327 moverunt,
1030 2234 1064 2305 δι
1086 2235 1276 2327 dixerunt,

241 2344 361 2430 Venite,
395 2336 581 2426 udificcmus·
597 2336 818 2430 nobismetipfis
835 2338 1003 2405 ciuitatem
1018 2333 1058 2410 U
1077 2338 1220 2417 turrim,
1239 2335 1278 2406 in
1394 2388 1396 2392 .

241 2458 351 2536 unum
371 2411 877 2527 laboraveflmtaedificantes,
903 2433 1183 2533 quianonssmul
1196 2451 1279 2507 cum

243 2538 291 2611 lis·
311 2534 492 2608 Dominus
522 2532 731 2611 aedificabat·
793 2533 1080 2630 ingemuerunt,
1115 2533 1276 2627 opinor,

241 2638 364 2710 lebraei
382 2636 420 2709 in
437 2632 632 2730 AEgypto,
659 2646 791 2728 utpote
810 2632 939 2708 frustra
953 2635 991 2706 in
1005 2630 1214 2706 aedificando
1229 2634 1279 2705 la·

244 2749 413 2829 orantes,
439 2736 520 2825 quia
535 2736 714 2810 Dominus
731 2754 809 2806 non
825 2730 1023 2808 aedificabat
1035 2751 1116 2806 cum
1133 2732 1196 2806 eis.
1310 2757 1312 2762 s
1329 2735 1332 2742 '

296 2832 475 2931 Ejusdem]
505 2837 579 2931 Qui
599 2836 635 2908 in
656 2832 849 2930 Jerusalem
869 2834 1015 2906 domum
1030 2829 1279 2925 aedilicabant,
1377 2849 1380 2863 ·

241 2955 258 3004 n
289 2955 422 3006 vanum
459 2936 744 3008 laboraverunt:
783 2934 1016 3027 quamobrem
1053 2929 1176 3020 svessa
1215 2929 1278 3008 est.

241 3032 503 3124 iaudquaquam
520 3033 643 3107 eversa
662 3032 801 3125 millet,
827 3034 851 3106 ss
873 3032 1054 3108 Dominus
1074 3053 1151 3105 eam
1172 3029 1298 3104 aedifi··

244 3131 340 3206 allec.
402 3132 478 3303 ,ἳυί
500 3146 617 3209 autem
637 3136 783 3208 domum
798 3132 905 3225 Dei,
940 3153 1017 3225 quae
1042 3131 1094 3205 est
1121 3130 1289 3213 Ecclesm·

245 3232 319 3322 jus,
346 3232 410 3305 aedi
438 3244 589 3324 canunt,
622 3232 792 3327 Apostoli
817 3230 969 3323 christi,
1003 3231 1037 3304 δι
1060 3230 1118 3323 qui
1139 3229 1279 3323 abipso
1319 3263 1321 3270 v

244 3330 408 3403 onstituti
438 3330 518 3418 sunt
538 3329 734 3425 domums,
765 3333 909 3405 minime
930 3332 968 3425 in
991 3351 1124 3404 vanum
1143 3332 1282 3403 labora·

241 3445 374 3504 'eruutt
400 3453 480 3505 nam
499 3429 677 3505 Dominus
692 3428 884 3505 aedilicavit
899 3426 988 3504 eom.
1025 3428 1145 3511 Aliter
1160 3433 1281 3523 etiam,

241 3551 351 3604 cnon
373 3551 452 3616 cum
477 3529 641 3605 Domino
667 3532 812 3604 domum
837 3526 1014 3603 aedilicant
1035 3520 1282 3622 h'eterodoxi,
1390 3565 1394 3573 ·

241 3631 357 3703 'cilicet
376 3627 569 3704 Ecclefiam
589 3629 880 3729 malignantium:
914 3630 1146 3722 quamobrem
1164 3630 1201 3702 in
1220 3650 1284 3701 va·

241 3752 306 3804 lum
321 3731 591 3805 laboraverunt.
600 3752 615 3763 ·’
642 3732 809 3805 Similiter
831 3728 1003 3823 &Judaei

297 3831 474 3928 Ejusdem]
499 3829 539 3901 In
558 3847 727 3921 quantum
743 3826 935 3902 domusest
948 3829 1084 3929 anima,
1111 3838 1282 3918 tunquam

241 3951 350 4017 lomus
374 3929 575 4010 Dominum
600 3930 773 4009 habenin
798 3927 833 4005 se
859 3926 999 4020 Deum3
1031 3928 1057 4003 si
1082 3942 1202 4099 autleni
1218 3921 1284 4001 fiat

266 4047 273 4056 ··
1043 4040 1140 4124 temp
1156 4045 1230 4123 um,
1368 4033 1370 4040 '
