3242 4609
286 379 327 428 ·.
409 307 1114 445 sanscanruasntu'os.
1246 329 1297 458 is*

230 487 437 598 frisonus·
457 527 683 603 conscientie
705 529 889 625 percutis:
924 527 1224 624 confirmafli'super
1244 551 1292 599 me

233 633 479 722 mammaeam.
531 627 733 705 Confirmat
745 649 899 722 namque
919 648 1060 703 manum
1080 628 1182 730 supra
1204 649 1291 720 puo-

231 743 297 798 ros
313 725 548 822 pedagogus,
575 727 657 804 dum
675 731 866 822 verberat,
892 727 925 801 da
944 727 1128 812 emendat,
1154 727 1292 800 &con-

230 821 352 898 firmat
363 845 511 918 manus,
538 848 618 902 cum
635 831 787 904 verbera
802 849 880 902 non
888 829 1138 926 negligenter,
1161 843 1226 902 aut
1242 828 1294 901 ie·

231 922 557 1020 viterinfliguntur.
583 933 636 1002 lta
650 934 755 1002 etiam
769 929 931 1001 Domino
941 931 1058 1002 dicere
1068 928 1143 1018 quis
1157 925 1292 1026 potest,
1329 911 1339 940 ⁸

232 1041 314 1102 eum
326 1023 459 1097 miserit
473 1024 634 1120 sagittas,
660 1029 718 1102 sed
733 1050 797 1122 per
817 1047 1063 1120 quoscumque
1078 1028 1159 1098 vult
1173 1029 1291 1099 mitte·

231 1143 272 1204 re
285 1123 427 1228 sagittas
443 1127 637 1201 verborum
653 1127 818 1218 suorum,
845 1128 1013 1221 quoniam
1032 1126 1219 1220 confirmasti
1239 1128 1290 1208 so-

231 1231 353 1322 per'me
367 1247 497 1292 manum
511 1242 609 1302 ruam.
661 1227 751 1302 Cum
766 1229 858 1300 enim
878 1248 1000 1301 manus
1014 1224 1162 1297 Domini
1181 1225 1288 1318 adfrt,

186 1395 188 1406 ,
233 1323 293 1415 qui
308 1319 442 1420 emittit
460 1329 658 1402 verborum
673 1328 813 1419 iacula,
841 1323 1004 1422 &infigit
1019 1324 1156 1422 sagittas
1176 1324 1211 1396 in
1230 1343 1290 1395 au·
1327 1406 1329 1410 ¹

186 1421 188 1478 i
233 1421 393 1510 dirorum
410 1419 581 1520 animani,
606 1431 738 1500 merito
758 1429 863 1520 etiam
879 1426 1042 1500 Domino
1063 1424 1174 1515 dicit,
1202 1441 1292 1514 quo·

186 1519 188 1571 i
233 1523 625 1623 niam'coofir'mossisapar
640 1553 689 1598 me
705 1553 831 1602 monum
849 1545 952 1598 tuom:
979 1549 1032 1596 nec
1046 1524 1086 1622 efl
1104 1527 1229 1612 danitas
1252 1526 1291 1591 in

235 1629 331 1694 omni
351 1645 419 1692 mea
438 1651 457 1693 a
474 1621 564 1716 facie
584 1621 639 1696 ir'ae
653 1619 730 1698 *ποι
781 1626 979 1720 Propterea
994 1644 1082 1720 ergo
1101 1643 1192 1718 rogo
1213 1641 1291 1694 non

235 1720 339 1816 ipsius
357 1721 418 1794 irae
431 1735 502 1794 tuae
516 1727 715 1817 potentiam
732 1727 906 1819 experiri,
933 1728 1100 1818 quoniam
1118 1721 1292 1815 judicium
1332 1807 1334 1812 ¹

235 1822 308 1914 eius
323 1826 575 1898 tantummodo
594 1826 773 1920 accipiens
791 1827 821 1897 o
837 1826 944 1899 solam
959 1823 1226 1916 quodammodo
1240 1819 1291 1894 sa·

187 1881 192 2016 Ι,
237 1923 328 1994 ciem
344 1919 421 2012 ejus
437 1922 587 2016 videns,
615 1947 692 2017 quae
709 1947 755 1998 ex
768 1923 851 1999 solis
866 1926 985 1999 verbis
1001 1923 1130 1996 divinae
1144 1921 1292 2013 scriptu-

189 2103 192 2112 ,
236 2039 282 2094 rae
304 2019 552 2114 deformatur,
575 2026 649 2117 jnm
671 2025 783 2099 doleo
810 2047 919 2098 omne
938 2043 1070 2116 corpus
1089 2041 1228 2112 meum,
1256 2017 1292 2091 dt

189 2129 192 2136 '
235 2124 457 2194 conturbor:
482 2143 551 2195 nec
567 2124 617 2196 est
630 2125 701 2197 ulla
718 2123 845 2199 sanitas
864 2126 900 2198 in
923 2144 1028 2196 carne
1046 2141 1146 2213 mea,
1172 2138 1291 2210 neque

189 2263 192 2268 -
235 2241 304 2318 pax
330 2219 460 2336 offibus
491 2225 600 2316 meis,
626 2238 764 2296 tantum
790 2225 889 2316 quod
913 2223 1040 2297 faciem
1066 2221 1127 2292 irae
1152 2235 1221 2290 tuae
1244 2235 1292 2289 ex

235 2317 417 2413 scripturis
432 2318 574 2414 sandis,
601 2342 677 2396 non
692 2336 810 2395 tamen
825 2323 931 2415 ipsam
950 2323 1035 2394 iram
1056 2317 1203 2410 sentire,
1230 2315 1294 2388 vel

235 2421 363 2494 videre
379 2416 474 2492 visus
497 2417 581 2495 sum.
632 2417 721 2493 Etsr
741 2443 785 2494 ex
802 2421 876 2494 hoc
893 2421 972 2495 solo
989 2419 1072 2492 talia
1089 2417 1187 2509 sunt,
1215 2435 1293 2508 quae

235 2519 377 2614 patior,
402 2535 554 2613 propter
569 2522 642 2593 hoc
659 2540 752 2610 oro,
779 2535 821 2592 ut
840 2542 916 2595 non
936 2517 1042 2613 ipsam
1060 2521 1145 2589 iram
1162 2521 1289 2608 patiar.

238 2619 334 2690 Vide
359 2638 475 2714 ergo,
508 2621 532 2694 [i
558 2641 636 2693 non
657 2616 841 2694 manifeste
862 2619 938 2691 haec
966 2618 1133 2691 dicuntur
1154 2617 1190 2686 in
1217 2633 1292 2706 eo,

237 2717 336 2812 quod
359 2717 431 2792 ait:
461 2720 509 2790 Et
527 2723 714 2812 confirmolii
722 2719 817 2819 super
836 2744 883 2790 me
898 2743 1026 2789 monum
1046 2733 1134 2784 tuom
1148 2737 1173 2816 ².ss
1185 2711 1295 2808 necess

232 2821 361 2910 donitas
377 2823 413 2887 in
429 2843 525 2890 carm
537 2843 601 2892 meo
616 2847 635 2890 a
649 2822 735 2908 facie
755 2829 810 2890 ira
824 2838 895 2891 rua.
942 2815 1068 2891 Potuit
1081 2815 1221 2894 dicere,
1248 2813 1298 2906 ab¹

236 2919 287 2992 ira
307 2931 394 3006 tua,
417 2915 475 2991 sed
490 2920 679 3012 nunc'ait,
704 2919 822 3013 afacie
838 2925 893 2990 ira
907 2937 977 2988 ruae.
1029 2913 1063 2987 Si
1084 2914 1177 2988 enim
1194 2908 1295 2986 dixis·

237 3015 288 3094 set
300 3017 345 3090 ab
362 3020 414 3089 ira
423 3032 506 3092 tua.¹
532 3015 745 3111 superfluum
762 3034 840 3093 erat
850 3018 937 3091 iliud
949 3014 1021 3091 sine
1037 3014 1172 3105 dubio,
1194 3007 1295 3102 quod

239 3115 396 3214 superius
419 3116 530 3191 dixit.-
555 3121 608 3192 Νι
631 3128 666 3189 in
686 3125 736 3189 iro
753 3137 809 3192 rua
829 3123 981 3212 corripias
998 3141 1054 3186 me.
1104 3111 1216 3186 Nunc
1234 3130 1295 3182 au·

238 3229 311 3291 tem
332 3215 448 3309 dixit,
476 3219 556 3289 Νυη
576 3219 614 3315 ess
628 3221 757 3306 sanitas
772 3226 809 3289 in
823 3243 916 3290 come
927 3217 992 3288 me'o
1005 3241 1026 3286 o
1039 3213 1129 3307 facie¹
1148 3217 1203 3280 ἕνα
1222 3227 1294 3280 rua.

239 3317 421 3416 Quoniam
446 3315 586 3408 quidem
603 3315 677 3392 sola
698 3318 806 3392 facies
827 3320 888 3390 irae
908 3334 999 3409 tuae,
1025 3311 1062 3386 id
1083 3309 1153 3402 est,
1182 3308 1295 3381 consr-

239 3415 378 3490 deratio
398 3413 469 3508 ipsa
485 3417 760 3513 indignationis,
785 3419 836 3491 ita
847 3439 904 3491 me
916 3413 1130 3510 perterruit,
1158 3407 1297 3480 &eon-

238 3513 374 3609 vertit,
398 3530 440 3587 ut
460 3517 518 3590 irae
536 3533 606 3589 tuae
618 3517 689 3609 ja'm
708 3519 745 3590 in
765 3539 822 3591 me
838 3518 940 3589 locus
962 3512 1122 3587 essenon
1146 3508 1295 3581 debeat:

241 3619 312 3690 Nec
330 3617 371 3710 eli
390 3618 516 3704 sonitus
539 3622 575 3687 in
592 3641 686 3690 corne
704 3642 770 3689 meo
791 3645 812 3688 o
824 3615 913 3710 facie
937 3619 993 3684 irae
1018 3630 1087 3684 ruae.
1138 3607 1198 3680 De
1223 3625 1294 3694 eo,¹

239 3715 299 3808 qui
318 3715 412 3810 apud
437 3713 650 3790 Corinthum
670 3729 914 3809 peccaverat,
949 3703 1301 3814 indicavitnposto··

238 3815 319 3904 ius,
340 3812 463 3888 dicens
480 3837 489 3887 a
520 3817 658 3900 Zradsre
673 3815 855 3915 hujusmodi
869 3817 1026 3889 hominem
1043 3813 1174 3881 Sorano
1191 3811 1227 3873 in
1244 3807 1296 3872 in·
1339 3821 1344 3830 ·

239 3919 368 4004 teritum
387 3918 503 3990 carnis.
529 3913 703 4007 Nunquid
716 3914 912 4011 putandum
926 3911 998 4006 est,
1019 3907 1122 4002 ,quod
1136 3905 1297 3994 iniquum·

236 4009 317 4094 fieri
333 4013 506 4111 volebat,
532 4036 636 4108 quem
651 4015 793 4092 dicebat
807 4015 901 4092 tradi
915 4013 1077 4092 debere.¹
1111 4001 1315 4123 satannio

422 4131 428 4136 “
721 4118 752 4196 F
780 4139 804 4220 3
1177 4116 1278 4187 mss·
