3242 4609
417 279 1114 379 suruerurursnuuos.
1184 321 1295 403 =39,

258 395 266 452 i

194 511 202 554 2
258 481 271 501 “
314 445 544 541 Ermrditobor
558 472 593 535 in
606 466 764 536 mundaris
773 467 857 551 ruis,
883 462 1081 560 quadileae'a',
1106 458 1296 557 &nJMax

189 613 202 652 ‚-,
233 567 420 643 ditationis
439 564 688 644 mandatorum
707 562 778 636 Dei
800 559 881 637 finis
899 559 952 635 esb
965 562 1186 637 executio&
1206 585 1296 659 ope*

189 672 332 754 aratio
348 666 555 739 eorumdem
573 664 832 738 mandatorum.
883 664 1129 762 Quamobrem
1144 667 1296 758 pulchre
1403 693 1405 700 ¹

189 815 200 855 ·,
236 769 345 844 etiam
363 764 563 858 adjunuom
579 764 745 855 videtur,
772 757 956 833 Medirubor
976 768 1013 832 in
1034 758 1195 841 moninio
1212 772 1297 860 auis,

195 917 201 956 ,
237 894 308 965 qua
331 871 436 937 dilexi.
487 865 580 937 Nam
603 862 684 957 post
706 860 976 935 meditationem
1001 858 1035 935 bu
1064 866 1300 964 comprehen-

188 1013 200 1058 :⁴
232 967 373 1043 fionem
391 967 496 1038 verbi
513 964 781 1055 mandatorum,
807 962 996 1056 pulchrum
1010 961 1081 1058 est,
1106 980 1230 1039 manus
1247 983 1301 1042 an·

188 1115 198 1158 r
235 1069 372 1140 tollere
399 1067 442 1137 ad
470 1062 625 1138 ustiones
653 1062 826 1136 mandatis
856 1058 1136 1156 consentaneas,
1160 1064 1230 1158 ita,
1254 1082 1300 1144 ut

232 1188 358 1257 neque
375 1188 419 1237 ex
439 1163 599 1257 tristitia,
626 1182 744 1254 neque
762 1181 808 1234 ex
826 1161 1029 1237 neceffitate
1049 1183 1141 1259 opus
1157 1168 1300 1245 manda·

234 1280 362 1341 torum
380 1266 588 1338 executioni
605 1263 804 1339 mandetur.
1230 1291 1234 1300 ·
1274 1303 1287 1328 a

188 1415 193 1454 2
318 1371 445 1437 Memor
456 1366 510 1463 osio
524 1364 688 1435 uerborum
699 1381 824 1434 tuorum
831 1361 924 1450 servo
940 1377 1011 1453 tuo,
1038 1367 1201 1463 inquibus
1215 1365 1301 1438 mim

188 1519 192 1556 ,
232 1460 322 1562 spem
341 1464 464 1559 dedisti,
493 1466 574 1556 be]
602 1462 653 1534 At
679 1465 781 1555 quaie
807 1460 859 1535 est
879 1467 1059 1558 uerbum,
1087 1465 1327 1560 cujuspetit¹

188 1616 191 1656 2
238 1567 342 1641 illum
363 1562 432 1637 effe
458 1583 683 1656 memorem‚²
700 1563 761 1637 nisr
778 1576 821 1635 ut
843 1564 1013 1638 cumillis
1032 1564 1081 1639 srt·
1092 1566 1197 1659 juxta
1214 1587 1302 1661 pro·
1337 1648 1341 1658 ,

237 1664 455 1754 miffionem‚
483 1686 585 1755 quam
601 1663 679 1756 ipsis
701 1662 869 1756 dederat,
896 1684 974 1755 quae
993 1663 1028 1738 &
1050 1666 1119 1739 illis
1138 1666 1302 1742 consola·

239 1765 336 1841 tioni
356 1780 432 1837 erat
449 1766 486 1852 iu
501 1763 823 1856 persecutionibus.

320 1839 460 1937 Habe
475 1864 680 1958 couniamur
694 1870 730 1933 in
747 1864 935 1935 bumilitate
946 1889 1031 1955 nasa,
1056 1872 1131 1966 quia
1145 1868 1302 1968 eloquiun
1374 1874 1378 1892 ¹

239 1983 335 2042 auum
352 1966 538 2054 vivificavit
556 1989 620 2050 me,
646 1960 730 2056 aie]
754 1962 807 2036 Ea
824 1961 875 2035 est
897 1968 1048 2039 omniuo
1064 1965 1137 2062 spei
1152 1986 1299 2066 natura,

194 2129 208 2142 ,
241 2065 338 2140 utin
359 2064 618 2137 tentationibus
637 2065 787 2136 animam
808 2061 1043 2148 consoletur,
1069 2068 1303 2165 exspestario-

237 2187 326 2242 nem
345 2167 527 2239 bonorum
544 2161 751 2256 praebendo.

320 2267 498 2362 Ejusdem]
526 2264 611 2336 Hoc
634 2259 770 2356 solum,
796 2260 933 2355 inquit,
959 2260 1139 2362 seuseu,
1166 2269 1210 2344 ad
1231 2291 1303 2347 nos

240 2368 281 2448 in
302 2366 466 2440 omnibus
492 2361 739 2436 affliuionibus
770 2359 1050 2461 consolandum,
1084 2368 1183 2462 quod
1207 2389 1306 2446 verae

242 2468 330 2540 vitae
349 2463 612 2560 promiffionem
624 2463 827 2537 habeamus.
878 2462 966 2536 Haec
979 2466 1087 2560 igitur
1103 2471 1211 2546 nobis
1224 2491 1305 2565 per·

240 2564 326 2641 fiee.
370 2563 470 2637 Nam
492 2563 516 2636 fi
536 2565 572 2635 in
596 2564 663 2636 hac
684 2564 761 2634 vita
780 2558 894 2636 solum
917 2564 955 2636 in
979 2563 1120 2641 Christo
1140 2566 1306 2664 sperave·

241 2667 376 2757 rimus,
401 2662 670 2737 miserabiliores
687 2661 801 2736 sumus
819 2663 985 2740 omnibus
1002 2667 1230 2763 hominibus,
1256 2692 1307 2748 eo
1377 2749 1379 2754 ,

244 2767 346 2860 quod
365 2763 478 2837 modo
501 2763 713 2859 affligamur,
740 2762 865 2836 &non
887 2782 968 2836 curn
984 2764 1045 2861 spe
1063 2771 1146 2841 vitae
1162 2767 1305 2851 future.
1398 2792 1401 2798 ·

243 2867 336 2940 Vita
358 2879 475 2937 autem
493 2862 614 2936 futura
632 2863 683 2935 est
701 2864 838 2937 reditus
855 2864 898 2936 ad
916 2864 1051 2961 vitam,
1077 2869 1114 2942 iu
1133 2884 1306 2961 quantum

245 2967 397 3040 animam
419 2967 528 3036 vitam
545 2965 755 3057 propriam,
791 2981 869 3035 non
887 2984 1009 3041 veram
1031 2965 1103 3041 ess'e'·
1121 2967 1306 3049 discimuaa
1367 3033 1370 3055 .

242 3068 271 3144 s1
287 3065 428 3156 quidem
444 3064 556 3136 anima
575 3063 717 3136 nonest
737 3064 863 3137 homo.
909 3063 945 3137 Si
961 3068 1053 3142 enim
1069 3069 1106 3140 in
1120 3071 1179 3144 sua
1199 3071 1306 3170 ipsius
1439 3077 1441 3082 ’

245 3164 327 3238 vita
346 3164 496 3237 haberet
517 3163 601 3234 vitae
628 3163 842 3260 veritatem,
877 3162 928 3254 is,
961 3169 1020 3259 qui
1046 3181 1211 3242 mortuus
1232 3170 1307 3269 est,

244 3284 470 3355 nequaquam
488 3282 580 3355 opus
597 3264 745 3338 haberet
763 3262 882 3335 reditu
904 3262 947 3336 ad
961 3266 1086 3340 vitam.
1139 3271 1309 3384 Quapro-

193 3415 197 3420 -
243 3379 330 3459 pter
343 3368 449 3436 etiam
463 3364 640 3435 Dominus
656 3361 844 3436 defuneios
856 3360 942 3435 Deo
958 3366 1087 3441 vivere
1101 3364 1211 3464 dixit,
1231 3381 1310 3445 tan·

244 3484 352 3556 quam
372 3463 430 3554 qui
450 3463 610 3535 nondum
624 3462 736 3536 vitam
755 3462 928 3546 habeant,
952 3464 1017 3540 uisa
1029 3466 1065 3538 in
1082 3466 1219 3554 uirtaue
1233 3469 1306 3544 Dei

243 3560 494 3654 vivificantis,
531 3563 651 3653 aitque
664 3553 684 3656 ,⁸
705 3564 792 3660 ,illos
814 3559 984 3660 periisse,
1018 3566 1082 3640 niss
1100 3582 1306 3663 ¹compotes

240 3658 336 3737 fiant
360 3659 637 3737 resurrestionis.

323 3762 457 3859 Superbi
473 3768 581 3859 inique
599 3759 730 3857 agebunt¹
748 3784 987 3860 usquequaque,
1012 3766 1109 3858 alege
1131 3783 1307 3844 outemrua

242 3863 510 3945 undecimam,
534 3858 619 3955 be]
645 3859 687 3935 In
701 3855 772 3954 ipsa
786 3862 881 3935 enim
896 3885 939 3937 ea
952 3866 1131 3964 eratjvitae
1149 3889 1237 3945 meae
1251 3890 1308 3945 ra·
1425 3913 1429 3936 ·

240 3961 325 4059 sio,
350 3975 393 4038 ut
422 3959 636 4039 custodirem
649 3959 873 4040 {staurium
895 3982 1035 4062 msam,
1060 3985 1107 4048 us
1125 3987 1194 4061 qua
1217 3967 1310 4046 eirea

243 4115 246 4122 .
701 4075 711 4114 i
1231 4067 1290 4136 ‘m
