<?xml version="1.0" encoding="UTF-8"?>
<!DOCTYPE html PUBLIC "-//W3C//DTD XHTML 1.0 Transitional//EN"
    "http://www.w3.org/TR/xhtml1/DTD/xhtml1-transitional.dtd">
<html xmlns="http://www.w3.org/1999/xhtml" xml:lang="en" lang="en">
 <head>
  <title>
</title>
<meta http-equiv="Content-Type" content="text/html;charset=utf-8" />
  <meta name='ocr-system' content='tesseract 3.04.00' />
  <meta name='ocr-capabilities' content='ocr_page ocr_carea ocr_par ocr_line ocrx_word'/>
</head>
<body>
  <div class='ocr_page' id='page_1' title='image "./operaomniasanct00unkngoog/operaomniasanct00unkngoog_0093.png"; bbox 0 0 3242 4609; ppageno 0'>
   <div class='ocr_carea' id='block_1_1' title="bbox 407 299 1285 451">
    <p class='ocr_par' dir='ltr' id='par_1_1' title="bbox 407 299 1285 451">
     <span class='ocr_line' id='line_1_1' title="bbox 407 299 1285 451; baseline 0.002 -30"><span class='ocrx_word' id='word_1_1' title='bbox 407 299 1129 426; x_wconf 61' lang='lat' dir='ltr'><strong>sennen-nru&#39;nsnnsrosj&#39;</strong></span> <span class='ocrx_word' id='word_1_2' title='bbox 1236 373 1285 451; x_wconf 69' lang='grc' dir='ltr'><strong>ς,</strong></span> 
     </span>
    </p>
   </div>
   <div class='ocr_carea' id='block_1_2' title="bbox 187 500 1438 4189">
    <p class='ocr_par' dir='ltr' id='par_1_2' title="bbox 223 500 1287 702">
     <span class='ocr_line' id='line_1_2' title="bbox 223 500 1287 610; baseline 0.006 -28"><span class='ocrx_word' id='word_1_3' title='bbox 223 503 393 600; x_wconf 72' lang='grc' dir='ltr'>ᾁοᾶιίιιι</span> <span class='ocrx_word' id='word_1_4' title='bbox 420 509 644 610; x_wconf 72' lang='lat' dir='ltr'><strong>inpigrum,</strong></span> <span class='ocrx_word' id='word_1_5' title='bbox 681 506 720 594; x_wconf 73' lang='lat' dir='ltr'><strong>‚dr</strong></span> <span class='ocrx_word' id='word_1_6' title='bbox 748 505 864 583; x_wconf 83' lang='lat' dir='ltr'><strong>sermo</strong></span> <span class='ocrx_word' id='word_1_7' title='bbox 898 509 1018 583; x_wconf 87' lang='lat' dir='ltr'><strong>semen</strong></span> <span class='ocrx_word' id='word_1_8' title='bbox 1051 529 1178 586; x_wconf 85' lang='lat' dir='ltr'><strong>eorum</strong></span> <span class='ocrx_word' id='word_1_9' title='bbox 1211 500 1287 608; x_wconf 79' lang='lat' dir='ltr'><strong>est,</strong></span> 
     </span>
     <span class='ocr_line' id='line_1_3' title="bbox 226 606 1286 702; baseline 0.008 -23"><span class='ocrx_word' id='word_1_10' title='bbox 226 608 331 701; x_wconf 90' lang='lat' dir='ltr'><strong>quod</strong></span> <span class='ocrx_word' id='word_1_11' title='bbox 350 609 657 682; x_wconf 86' lang='lat' dir='ltr'><strong>exterminandum</strong></span> <span class='ocrx_word' id='word_1_12' title='bbox 676 606 822 702; x_wconf 81' lang='lat' dir='ltr'><strong>dicitur,</strong></span> <span class='ocrx_word' id='word_1_13' title='bbox 849 611 931 700; x_wconf 90' lang='lat' dir='ltr'><strong>quia</strong></span> <span class='ocrx_word' id='word_1_14' title='bbox 947 630 991 682; x_wconf 81' lang='lat' dir='ltr'><strong>ex</strong></span> <span class='ocrx_word' id='word_1_15' title='bbox 1012 607 1174 686; x_wconf 78' lang='lat' dir='ltr'><strong>falsitate.</strong></span> <span class='ocrx_word' id='word_1_16' title='bbox 1186 632 1286 692; x_wconf 88' lang='lat' dir='ltr'><strong>com·</strong></span> 
     </span>
    </p>

    <p class='ocr_par' dir='ltr' id='par_1_3' title="bbox 187 707 1285 808">
     <span class='ocr_line' id='line_1_4' title="bbox 187 707 1285 808; baseline 0.008 -29"><span class='ocrx_word' id='word_1_17' title='bbox 187 789 190 808; x_wconf 41' lang='grc' dir='ltr'>Ι</span> <span class='ocrx_word' id='word_1_18' title='bbox 226 707 387 804; x_wconf 85' lang='lat' dir='ltr'><strong>pofitum</strong></span> <span class='ocrx_word' id='word_1_19' title='bbox 413 707 489 788; x_wconf 77' lang='lat' dir='ltr'><strong>est,</strong></span> <span class='ocrx_word' id='word_1_20' title='bbox 520 708 793 804; x_wconf 78' lang='lat' dir='ltr'><strong>&amp;adveniente</strong></span> <span class='ocrx_word' id='word_1_21' title='bbox 814 710 896 782; x_wconf 86' lang='lat' dir='ltr'><strong>luce</strong></span> <span class='ocrx_word' id='word_1_22' title='bbox 920 709 1109 799; x_wconf 86' lang='lat' dir='ltr'><strong>ueritatis,</strong></span> <span class='ocrx_word' id='word_1_23' title='bbox 1143 726 1285 788; x_wconf 88' lang='lat' dir='ltr'><strong>certum</strong></span> 
     </span>
    </p>

    <p class='ocr_par' dir='ltr' id='par_1_4' title="bbox 187 804 1030 904">
     <span class='ocr_line' id='line_1_5' title="bbox 187 804 1030 904; baseline 0.002 -24"><span class='ocrx_word' id='word_1_24' title='bbox 187 824 189 850; x_wconf 81' lang='lat'><strong>¹</strong></span> <span class='ocrx_word' id='word_1_25' title='bbox 228 804 302 900; x_wconf 77' lang='lat' dir='ltr'><strong>est,</strong></span> <span class='ocrx_word' id='word_1_26' title='bbox 329 809 412 900; x_wconf 85' lang='lat' dir='ltr'><strong>quia</strong></span> <span class='ocrx_word' id='word_1_27' title='bbox 432 810 607 882; x_wconf 88' lang='lat' dir='ltr'><strong>mendacii</strong></span> <span class='ocrx_word' id='word_1_28' title='bbox 627 811 785 883; x_wconf 79' lang='lat' dir='ltr'><strong>tenebre</strong></span> <span class='ocrx_word' id='word_1_29' title='bbox 803 806 1030 904; x_wconf 83' lang='lat' dir='ltr'><strong>fugabuntur.</strong></span> 
     </span>
    </p>

    <p class='ocr_par' dir='ltr' id='par_1_5' title="bbox 228 901 1288 1202">
     <span class='ocr_line' id='line_1_6' title="bbox 231 901 1286 1002; baseline 0.009 -24"><span class='ocrx_word' id='word_1_30' title='bbox 231 985 234 990; x_wconf 59' lang='grc'><strong>,</strong></span> <span class='ocrx_word' id='word_1_31' title='bbox 305 931 343 993; x_wconf 83' lang='grc'><strong>4.</strong></span> <span class='ocrx_word' id='word_1_32' title='bbox 375 901 457 980; x_wconf 78' lang='lat' dir='ltr'><strong>Tuta</strong></span> <span class='ocrx_word' id='word_1_33' title='bbox 478 912 528 980; x_wconf 83' lang='lat' dir='ltr'><strong>die</strong></span> <span class='ocrx_word' id='word_1_34' title='bbox 543 910 721 999; x_wconf 85' lang='lat' dir='ltr'><strong>mrserelur,</strong></span> <span class='ocrx_word' id='word_1_35' title='bbox 748 907 954 1000; x_wconf 62' lang='lat' dir='ltr'><strong>&amp;feretran</strong></span> <span class='ocrx_word' id='word_1_36' title='bbox 1003 903 1120 1002; x_wconf 75' lang='lat' dir='ltr'><strong>Justllt</strong></span> <span class='ocrx_word' id='word_1_37' title='bbox 1134 922 1214 984; x_wconf 85' lang='lat' dir='ltr'><strong>tora</strong></span> <span class='ocrx_word' id='word_1_38' title='bbox 1227 913 1286 988; x_wconf 80' lang='lat' dir='ltr'><strong>die</strong></span> 
     </span>
     <span class='ocr_line' id='line_1_7' title="bbox 228 1005 1287 1106; baseline 0.001 -22"><span class='ocrx_word' id='word_1_39' title='bbox 228 1005 442 1098; x_wconf 83' lang='lat' dir='ltr'><strong>miseretur,</strong></span> <span class='ocrx_word' id='word_1_40' title='bbox 476 1005 616 1082; x_wconf 87' lang='lat' dir='ltr'><strong>&amp;tota</strong></span> <span class='ocrx_word' id='word_1_41' title='bbox 645 1010 703 1082; x_wconf 91' lang='lat' dir='ltr'><strong>die</strong></span> <span class='ocrx_word' id='word_1_42' title='bbox 727 1008 858 1106; x_wconf 83' lang='lat' dir='ltr'><strong>dicitur</strong></span> <span class='ocrx_word' id='word_1_43' title='bbox 887 1007 1089 1081; x_wconf 78' lang='lat' dir='ltr'><strong>fenerare:</strong></span> <span class='ocrx_word' id='word_1_44' title='bbox 1126 1010 1169 1082; x_wconf 93' lang='lat' dir='ltr'><strong>ad</strong></span> <span class='ocrx_word' id='word_1_45' title='bbox 1195 1014 1287 1104; x_wconf 85' lang='lat' dir='ltr'><strong>nihil</strong></span> 
     </span>
     <span class='ocr_line' id='line_1_8' title="bbox 231 1103 1288 1202; baseline 0.008 -24"><span class='ocrx_word' id='word_1_46' title='bbox 231 1107 326 1178; x_wconf 90' lang='lat' dir='ltr'><strong>aliud</strong></span> <span class='ocrx_word' id='word_1_47' title='bbox 350 1121 483 1200; x_wconf 80' lang='lat' dir='ltr'><strong>vacat,</strong></span> <span class='ocrx_word' id='word_1_48' title='bbox 509 1109 571 1202; x_wconf 87' lang='lat' dir='ltr'><strong>nisr</strong></span> <span class='ocrx_word' id='word_1_49' title='bbox 591 1122 634 1181; x_wconf 91' lang='lat' dir='ltr'><strong>ut</strong></span> <span class='ocrx_word' id='word_1_50' title='bbox 650 1103 806 1182; x_wconf 78' lang='lat' dir='ltr'><strong>freneret</strong></span> <span class='ocrx_word' id='word_1_51' title='bbox 824 1114 869 1181; x_wconf 93' lang='lat' dir='ltr'><strong>de</strong></span> <span class='ocrx_word' id='word_1_52' title='bbox 890 1128 933 1179; x_wconf 89' lang='lat' dir='ltr'><strong>ea</strong></span> <span class='ocrx_word' id='word_1_53' title='bbox 952 1108 1127 1200; x_wconf 80' lang='lat' dir='ltr'><strong>pecunia,</strong></span> <span class='ocrx_word' id='word_1_54' title='bbox 1153 1129 1231 1201; x_wconf 88' lang='lat' dir='ltr'><strong>quae</strong></span> <span class='ocrx_word' id='word_1_55' title='bbox 1246 1111 1288 1186; x_wconf 82' lang='lat' dir='ltr'><strong>ss·</strong></span> 
     </span>
    </p>

    <p class='ocr_par' dir='ltr' id='par_1_6' title="bbox 187 1205 1289 1303">
     <span class='ocr_line' id='line_1_9' title="bbox 187 1205 1289 1303; baseline 0.004 -23"><span class='ocrx_word' id='word_1_56' title='bbox 187 1257 189 1300; x_wconf 49' lang='lat' dir='ltr'><strong>r</strong></span> <span class='ocrx_word' id='word_1_57' title='bbox 230 1207 266 1280; x_wconf 92' lang='lat' dir='ltr'><strong>bi</strong></span> <span class='ocrx_word' id='word_1_58' title='bbox 282 1207 455 1282; x_wconf 87' lang='lat' dir='ltr'><strong>abundat.</strong></span> <span class='ocrx_word' id='word_1_59' title='bbox 505 1205 680 1300; x_wconf 90' lang='lat' dir='ltr'><strong>Nunquid</strong></span> <span class='ocrx_word' id='word_1_60' title='bbox 696 1207 804 1282; x_wconf 84' lang='lat' dir='ltr'><strong>&amp;bic</strong></span> <span class='ocrx_word' id='word_1_61' title='bbox 818 1207 892 1280; x_wconf 91' lang='lat' dir='ltr'><strong>hoc</strong></span> <span class='ocrx_word' id='word_1_62' title='bbox 912 1206 1116 1299; x_wconf 86' lang='lat' dir='ltr'><strong>putabitur,</strong></span> <span class='ocrx_word' id='word_1_63' title='bbox 1141 1211 1289 1303; x_wconf 80' lang='lat' dir='ltr'><strong>quiajo-</strong></span> 
     </span>
    </p>

    <p class='ocr_par' dir='ltr' id='par_1_7' title="bbox 187 1303 1289 1399">
     <span class='ocr_line' id='line_1_10' title="bbox 187 1303 1289 1399; baseline 0.005 -19"><span class='ocrx_word' id='word_1_64' title='bbox 187 1335 189 1342; x_wconf 94' lang='lat'>·</span> <span class='ocrx_word' id='word_1_65' title='bbox 229 1303 302 1380; x_wconf 82' lang='lat' dir='ltr'><strong>stus</strong></span> <span class='ocrx_word' id='word_1_66' title='bbox 319 1319 399 1378; x_wconf 88' lang='lat' dir='ltr'><strong>tota</strong></span> <span class='ocrx_word' id='word_1_67' title='bbox 414 1305 471 1377; x_wconf 87' lang='lat' dir='ltr'><strong>die</strong></span> <span class='ocrx_word' id='word_1_68' title='bbox 490 1307 611 1381; x_wconf 79' lang='lat' dir='ltr'><strong>sedeat</strong></span> <span class='ocrx_word' id='word_1_69' title='bbox 626 1305 670 1384; x_wconf 90' lang='lat' dir='ltr'><strong>ad</strong></span> <span class='ocrx_word' id='word_1_70' title='bbox 690 1305 865 1399; x_wconf 80' lang='lat' dir='ltr'><strong>mensam,</strong></span> <span class='ocrx_word' id='word_1_71' title='bbox 892 1305 1078 1379; x_wconf 87' lang='lat' dir='ltr'><strong>&amp;habens</strong></span> <span class='ocrx_word' id='word_1_72' title='bbox 1097 1313 1289 1398; x_wconf 86' lang='lat' dir='ltr'><strong>pecuniam</strong></span> 
     </span>
    </p>

    <p class='ocr_par' dir='ltr' id='par_1_8' title="bbox 187 1389 1290 1602">
     <span class='ocr_line' id='line_1_11' title="bbox 187 1389 1290 1499; baseline 0.003 -21"><span class='ocrx_word' id='word_1_73' title='bbox 187 1429 189 1434; x_wconf 92' lang='lat'>·</span> <span class='ocrx_word' id='word_1_74' title='bbox 208 1443 211 1454; x_wconf 92' lang='lat'>·</span> <span class='ocrx_word' id='word_1_75' title='bbox 230 1419 317 1478; x_wconf 88' lang='lat' dir='ltr'><strong>ante</strong></span> <span class='ocrx_word' id='word_1_76' title='bbox 337 1402 372 1480; x_wconf 84' lang='lat' dir='ltr'><strong>se</strong></span> <span class='ocrx_word' id='word_1_77' title='bbox 391 1405 484 1478; x_wconf 89' lang='lat' dir='ltr'><strong>hanc</strong></span> <span class='ocrx_word' id='word_1_78' title='bbox 503 1405 655 1481; x_wconf 85' lang='lat' dir='ltr'><strong>foeneret</strong></span> <span class='ocrx_word' id='word_1_79' title='bbox 671 1401 912 1480; x_wconf 84' lang='lat' dir='ltr'><strong>neceffitatem</strong></span> <span class='ocrx_word' id='word_1_80' title='bbox 929 1405 1177 1499; x_wconf 71' lang='lat' dir='ltr'><strong>patientibus?</strong></span> <span class='ocrx_word' id='word_1_81' title='bbox 1201 1406 1231 1481; x_wconf 86' lang='lat' dir='ltr'>F</span> <span class='ocrx_word' id='word_1_82' title='bbox 1232 1389 1290 1481; x_wconf 85' lang='lat' dir='ltr'><strong>dr·</strong></span> 
     </span>
     <span class='ocr_line' id='line_1_12' title="bbox 230 1501 1289 1602; baseline 0.003 -24"><span class='ocrx_word' id='word_1_83' title='bbox 230 1501 321 1578; x_wconf 87' lang='lat' dir='ltr'><strong>litan</strong></span> <span class='ocrx_word' id='word_1_84' title='bbox 338 1503 413 1578; x_wconf 93' lang='lat' dir='ltr'><strong>hoc</strong></span> <span class='ocrx_word' id='word_1_85' title='bbox 431 1507 616 1600; x_wconf 85' lang='lat' dir='ltr'><strong>putabitur</strong></span> <span class='ocrx_word' id='word_1_86' title='bbox 639 1503 732 1600; x_wconf 77' lang='lat' dir='ltr'><strong>else,</strong></span> <span class='ocrx_word' id='word_1_87' title='bbox 756 1504 856 1600; x_wconf 91' lang='lat' dir='ltr'><strong>quod</strong></span> <span class='ocrx_word' id='word_1_88' title='bbox 877 1502 1007 1579; x_wconf 73' lang='lat' dir='ltr'><strong>ditium</strong></span> <span class='ocrx_word' id='word_1_89' title='bbox 1027 1501 1078 1578; x_wconf 90' lang='lat' dir='ltr'><strong>est</strong></span> <span class='ocrx_word' id='word_1_90' title='bbox 1093 1526 1158 1602; x_wconf 87' lang='lat' dir='ltr'><strong>per</strong></span> <span class='ocrx_word' id='word_1_91' title='bbox 1178 1506 1289 1601; x_wconf 84' lang='lat' dir='ltr'><strong>Moy·</strong></span> 
     </span>
    </p>

    <p class='ocr_par' dir='ltr' id='par_1_9' title="bbox 187 1599 1438 1999">
     <span class='ocr_line' id='line_1_13' title="bbox 187 1599 1438 1700; baseline 0.003 -23"><span class='ocrx_word' id='word_1_92' title='bbox 187 1611 189 1650; x_wconf 69' lang='grc' dir='ltr'>Ι</span> <span class='ocrx_word' id='word_1_93' title='bbox 233 1603 319 1677; x_wconf 85' lang='lat' dir='ltr'><strong>sen:</strong></span> <span class='ocrx_word' id='word_1_94' title='bbox 347 1606 394 1676; x_wconf 83' lang='lat' dir='ltr'><strong>Et</strong></span> <span class='ocrx_word' id='word_1_95' title='bbox 415 1624 452 1676; x_wconf 79' lang='lat' dir='ltr'><strong>tu</strong></span> <span class='ocrx_word' id='word_1_96' title='bbox 466 1606 640 1699; x_wconf 80' lang='lat' dir='ltr'><strong>foenerabis</strong></span> <span class='ocrx_word' id='word_1_97' title='bbox 658 1606 805 1700; x_wconf 81' lang='lat' dir='ltr'><strong>gentibus</strong></span> <span class='ocrx_word' id='word_1_98' title='bbox 823 1599 970 1691; x_wconf 43' lang='lat' dir='ltr'><strong>&#39;multia</strong></span> <span class='ocrx_word' id='word_1_99' title='bbox 997 1622 1034 1674; x_wconf 82' lang='lat' dir='ltr'><strong>tu</strong></span> <span class='ocrx_word' id='word_1_100' title='bbox 1053 1624 1158 1676; x_wconf 82' lang='lat' dir='ltr'><strong>autem</strong></span> <span class='ocrx_word' id='word_1_101' title='bbox 1179 1625 1289 1680; x_wconf 77' lang='lat' dir='ltr'><strong>mutue</strong></span> <span class='ocrx_word' id='word_1_102' title='bbox 1425 1653 1438 1670; x_wconf 54' lang='grc' dir='ltr'><strong>-ι</strong></span> 
     </span>
     <span class='ocr_line' id='line_1_14' title="bbox 230 1703 1291 1804; baseline 0.006 -28"><span class='ocrx_word' id='word_1_103' title='bbox 230 1729 296 1776; x_wconf 84' lang='lat' dir='ltr'><strong>non</strong></span> <span class='ocrx_word' id='word_1_104' title='bbox 319 1727 444 1801; x_wconf 69' lang='lat' dir='ltr'><strong>queres.</strong></span> <span class='ocrx_word' id='word_1_105' title='bbox 495 1705 566 1780; x_wconf 85' lang='lat' dir='ltr'><strong>Sed</strong></span> <span class='ocrx_word' id='word_1_106' title='bbox 584 1720 725 1782; x_wconf 87' lang='lat' dir='ltr'><strong>certum</strong></span> <span class='ocrx_word' id='word_1_107' title='bbox 744 1703 821 1782; x_wconf 82' lang='lat' dir='ltr'><strong>est,</strong></span> <span class='ocrx_word' id='word_1_108' title='bbox 855 1706 937 1796; x_wconf 89' lang='lat' dir='ltr'><strong>quia</strong></span> <span class='ocrx_word' id='word_1_109' title='bbox 963 1703 1008 1778; x_wconf 92' lang='lat' dir='ltr'><strong>de</strong></span> <span class='ocrx_word' id='word_1_110' title='bbox 1028 1703 1209 1782; x_wconf 87' lang='lat' dir='ltr'><strong>dominica</strong></span> <span class='ocrx_word' id='word_1_111' title='bbox 1227 1728 1291 1804; x_wconf 86' lang='lat' dir='ltr'><strong>pe·</strong></span> 
     </span>
     <span class='ocr_line' id='line_1_15' title="bbox 233 1803 1290 1903; baseline 0.003 -25"><span class='ocrx_word' id='word_1_112' title='bbox 233 1804 516 1898; x_wconf 70' lang='lat' dir='ltr'><strong>conlationem,</strong></span> <span class='ocrx_word' id='word_1_113' title='bbox 542 1807 620 1897; x_wconf 74' lang='lat' dir='ltr'><strong>quai</strong></span> <span class='ocrx_word' id='word_1_114' title='bbox 640 1805 846 1879; x_wconf 78' lang='lat' dir='ltr'>numulariis</span> <span class='ocrx_word' id='word_1_115' title='bbox 867 1804 1071 1898; x_wconf 78' lang='lat' dir='ltr'><strong>precipitur</strong></span> <span class='ocrx_word' id='word_1_116' title='bbox 1087 1809 1227 1903; x_wconf 89' lang='lat' dir='ltr'><strong>erogari</strong></span> <span class='ocrx_word' id='word_1_117' title='bbox 1242 1803 1290 1881; x_wconf 84' lang='lat' dir='ltr'><strong>de</strong></span> 
     </span>
     <span class='ocr_line' id='line_1_16' title="bbox 232 1900 1291 1999; baseline 0.002 -21"><span class='ocrx_word' id='word_1_118' title='bbox 232 1900 406 1978; x_wconf 82' lang='lat' dir='ltr'><strong>thesauris</strong></span> <span class='ocrx_word' id='word_1_119' title='bbox 421 1903 599 1999; x_wconf 78' lang='lat' dir='ltr'><strong>sapientiae</strong></span> <span class='ocrx_word' id='word_1_120' title='bbox 618 1906 652 1979; x_wconf 77' lang='grc' dir='ltr'><strong>δι</strong></span> <span class='ocrx_word' id='word_1_121' title='bbox 669 1905 825 1978; x_wconf 87' lang='lat' dir='ltr'><strong>scientiae</strong></span> <span class='ocrx_word' id='word_1_122' title='bbox 848 1904 919 1977; x_wconf 92' lang='lat' dir='ltr'><strong>Dei</strong></span> <span class='ocrx_word' id='word_1_123' title='bbox 936 1906 1098 1998; x_wconf 88' lang='lat' dir='ltr'><strong>prolata,</strong></span> <span class='ocrx_word' id='word_1_124' title='bbox 1123 1921 1166 1979; x_wconf 89' lang='lat' dir='ltr'><strong>ut</strong></span> <span class='ocrx_word' id='word_1_125' title='bbox 1184 1906 1291 1980; x_wconf 89' lang='lat' dir='ltr'><strong>facia·</strong></span> 
     </span>
    </p>

    <p class='ocr_par' dir='ltr' id='par_1_10' title="bbox 187 1979 1291 2100">
     <span class='ocr_line' id='line_1_17' title="bbox 187 1979 1291 2100; baseline 0.004 -20"><span class='ocrx_word' id='word_1_126' title='bbox 187 1979 197 2096; x_wconf 64' lang='lat' dir='ltr'><strong>l</strong></span> <span class='ocrx_word' id='word_1_127' title='bbox 233 2023 313 2100; x_wconf 83' lang='lat' dir='ltr'><strong>mus</strong></span> <span class='ocrx_word' id='word_1_128' title='bbox 333 2002 378 2078; x_wconf 90' lang='lat' dir='ltr'><strong>de</strong></span> <span class='ocrx_word' id='word_1_129' title='bbox 397 2008 555 2096; x_wconf 88' lang='lat' dir='ltr'><strong>quinque</strong></span> <span class='ocrx_word' id='word_1_130' title='bbox 569 2006 713 2079; x_wconf 89' lang='lat' dir='ltr'><strong>talentis</strong></span> <span class='ocrx_word' id='word_1_131' title='bbox 728 2003 878 2095; x_wconf 85' lang='lat' dir='ltr'><strong>decem,</strong></span> <span class='ocrx_word' id='word_1_132' title='bbox 903 2002 949 2075; x_wconf 91' lang='lat' dir='ltr'><strong>de</strong></span> <span class='ocrx_word' id='word_1_133' title='bbox 967 2002 1109 2078; x_wconf 87' lang='lat' dir='ltr'><strong>duobus</strong></span> <span class='ocrx_word' id='word_1_134' title='bbox 1122 2020 1291 2097; x_wconf 86' lang='lat' dir='ltr'><strong>quatuor.</strong></span> 
     </span>
    </p>

    <p class='ocr_par' dir='ltr' id='par_1_11' title="bbox 187 2101 1291 2212">
     <span class='ocr_line' id='line_1_18' title="bbox 187 2101 1291 2212; baseline 0.002 -36"><span class='ocrx_word' id='word_1_135' title='bbox 187 2135 205 2212; x_wconf 63' lang='lat' dir='ltr'><strong>g</strong></span> <span class='ocrx_word' id='word_1_136' title='bbox 233 2104 387 2200; x_wconf 89' lang='lat' dir='ltr'><strong>Quanto</strong></span> <span class='ocrx_word' id='word_1_137' title='bbox 402 2118 522 2179; x_wconf 89' lang='lat' dir='ltr'><strong>autem</strong></span> <span class='ocrx_word' id='word_1_138' title='bbox 539 2105 836 2179; x_wconf 76' lang='lat' dir='ltr'><strong>abundantiorem</strong></span> <span class='ocrx_word' id='word_1_139' title='bbox 851 2101 1043 2199; x_wconf 84' lang='lat' dir='ltr'><strong>pecuniam</strong></span> <span class='ocrx_word' id='word_1_140' title='bbox 1064 2102 1291 2179; x_wconf 75' lang='lat' dir='ltr'><strong>habuerimus</strong></span> 
     </span>
    </p>

    <p class='ocr_par' dir='ltr' id='par_1_12' title="bbox 187 2200 1292 2398">
     <span class='ocr_line' id='line_1_19' title="bbox 187 2200 1290 2322; baseline 0.003 -47"><span class='ocrx_word' id='word_1_141' title='bbox 187 2217 192 2322; x_wconf 36' lang='grc' dir='ltr'>ἰ</span> <span class='ocrx_word' id='word_1_142' title='bbox 233 2203 271 2290; x_wconf 84' lang='lat' dir='ltr'><strong>in</strong></span> <span class='ocrx_word' id='word_1_143' title='bbox 293 2205 410 2298; x_wconf 85' lang='lat' dir='ltr'><strong>anima</strong></span> <span class='ocrx_word' id='word_1_144' title='bbox 425 2202 567 2300; x_wconf 83' lang='lat' dir='ltr'><strong>nostra,</strong></span> <span class='ocrx_word' id='word_1_145' title='bbox 593 2218 698 2282; x_wconf 89' lang='lat' dir='ltr'><strong>tanto</strong></span> <span class='ocrx_word' id='word_1_146' title='bbox 720 2203 830 2298; x_wconf 87' lang='lat' dir='ltr'><strong>magis</strong></span> <span class='ocrx_word' id='word_1_147' title='bbox 845 2214 926 2276; x_wconf 90' lang='lat' dir='ltr'><strong>tota</strong></span> <span class='ocrx_word' id='word_1_148' title='bbox 946 2201 1004 2275; x_wconf 91' lang='lat' dir='ltr'><strong>die</strong></span> <span class='ocrx_word' id='word_1_149' title='bbox 1025 2200 1290 2285; x_wconf 77' lang='lat' dir='ltr'><strong>fenerabimus.</strong></span> 
     </span>
     <span class='ocr_line' id='line_1_20' title="bbox 234 2299 1292 2398; baseline 0 -22"><span class='ocrx_word' id='word_1_150' title='bbox 234 2301 307 2378; x_wconf 85' lang='lat' dir='ltr'><strong>Sed</strong></span> <span class='ocrx_word' id='word_1_151' title='bbox 324 2302 358 2374; x_wconf 82' lang='lat' dir='ltr'><strong>dr</strong></span> <span class='ocrx_word' id='word_1_152' title='bbox 378 2322 477 2392; x_wconf 79' lang='lat' dir='ltr'><strong>nune</strong></span> <span class='ocrx_word' id='word_1_153' title='bbox 494 2303 583 2377; x_wconf 91' lang='lat' dir='ltr'><strong>licet</strong></span> <span class='ocrx_word' id='word_1_154' title='bbox 599 2323 677 2376; x_wconf 94' lang='lat' dir='ltr'><strong>non</strong></span> <span class='ocrx_word' id='word_1_155' title='bbox 698 2302 759 2377; x_wconf 86' lang='lat' dir='ltr'><strong>iun</strong></span> <span class='ocrx_word' id='word_1_156' title='bbox 770 2299 904 2398; x_wconf 84' lang='lat' dir='ltr'><strong>justus,</strong></span> <span class='ocrx_word' id='word_1_157' title='bbox 929 2315 1050 2375; x_wconf 79' lang='lat' dir='ltr'><strong>tansen</strong></span> <span class='ocrx_word' id='word_1_158' title='bbox 1067 2304 1165 2386; x_wconf 85' lang='lat' dir='ltr'><strong>hoe,</strong></span> <span class='ocrx_word' id='word_1_159' title='bbox 1191 2301 1292 2396; x_wconf 84' lang='lat' dir='ltr'><strong>quod</strong></span> 
     </span>
    </p>

    <p class='ocr_par' dir='ltr' id='par_1_13' title="bbox 187 2400 1345 3494">
     <span class='ocr_line' id='line_1_21' title="bbox 187 2400 1345 2498; baseline 0.003 -23"><span class='ocrx_word' id='word_1_160' title='bbox 187 2413 193 2466; x_wconf 76' lang='lat' dir='ltr'><strong>l</strong></span> <span class='ocrx_word' id='word_1_161' title='bbox 234 2401 386 2494; x_wconf 82' lang='lat' dir='ltr'><strong>loquor,</strong></span> <span class='ocrx_word' id='word_1_162' title='bbox 409 2406 599 2497; x_wconf 83' lang='lat' dir='ltr'><strong>pecuniam</strong></span> <span class='ocrx_word' id='word_1_163' title='bbox 619 2403 724 2476; x_wconf 87' lang='lat' dir='ltr'><strong>vobis</strong></span> <span class='ocrx_word' id='word_1_164' title='bbox 736 2401 953 2498; x_wconf 74' lang='lat' dir='ltr'><strong>dominicam</strong></span> <span class='ocrx_word' id='word_1_165' title='bbox 970 2400 1128 2490; x_wconf 82' lang='lat' dir='ltr'><strong>loenero:</strong></span> <span class='ocrx_word' id='word_1_166' title='bbox 1152 2402 1293 2478; x_wconf 87' lang='lat' dir='ltr'><strong>sedvos</strong></span> <span class='ocrx_word' id='word_1_167' title='bbox 1342 2483 1345 2492; x_wconf 65' lang='grc'>,</span> 
     </span>
     <span class='ocr_line' id='line_1_22' title="bbox 237 2496 1295 2598; baseline -0.001 -23"><span class='ocrx_word' id='word_1_168' title='bbox 237 2515 365 2592; x_wconf 89' lang='lat' dir='ltr'><strong>orate,</strong></span> <span class='ocrx_word' id='word_1_169' title='bbox 391 2499 580 2576; x_wconf 82' lang='lat' dir='ltr'><strong>utefficiar</strong></span> <span class='ocrx_word' id='word_1_170' title='bbox 595 2499 730 2598; x_wconf 86' lang='lat' dir='ltr'><strong>justus,</strong></span> <span class='ocrx_word' id='word_1_171' title='bbox 757 2498 794 2573; x_wconf 78' lang='lat' dir='ltr'><strong>du</strong></span> <span class='ocrx_word' id='word_1_172' title='bbox 808 2496 933 2596; x_wconf 87' lang='lat' dir='ltr'><strong>pollim</strong></span> <span class='ocrx_word' id='word_1_173' title='bbox 951 2502 1059 2577; x_wconf 87' lang='lat' dir='ltr'><strong>vobis</strong></span> <span class='ocrx_word' id='word_1_174' title='bbox 1072 2500 1214 2594; x_wconf 77' lang='lat' dir='ltr'><strong>justitie</strong></span> <span class='ocrx_word' id='word_1_175' title='bbox 1231 2522 1295 2595; x_wconf 89' lang='lat' dir='ltr'><strong>pe·</strong></span> 
     </span>
     <span class='ocr_line' id='line_1_23' title="bbox 237 2596 1294 2695; baseline 0 -19"><span class='ocrx_word' id='word_1_176' title='bbox 237 2602 381 2676; x_wconf 86' lang='lat' dir='ltr'><strong>cuniam</strong></span> <span class='ocrx_word' id='word_1_177' title='bbox 413 2602 616 2695; x_wconf 81' lang='lat' dir='ltr'><strong>foenerare,</strong></span> <span class='ocrx_word' id='word_1_178' title='bbox 653 2615 695 2674; x_wconf 92' lang='lat' dir='ltr'><strong>ut</strong></span> <span class='ocrx_word' id='word_1_179' title='bbox 728 2620 810 2674; x_wconf 88' lang='lat' dir='ltr'><strong>non</strong></span> <span class='ocrx_word' id='word_1_180' title='bbox 839 2596 955 2684; x_wconf 86' lang='lat' dir='ltr'><strong>solum</strong></span> <span class='ocrx_word' id='word_1_181' title='bbox 993 2602 1134 2692; x_wconf 89' lang='lat' dir='ltr'><strong>verbo,</strong></span> <span class='ocrx_word' id='word_1_182' title='bbox 1165 2620 1294 2676; x_wconf 79' lang='lat' dir='ltr'><strong>verunt</strong></span> 
     </span>
     <span class='ocr_line' id='line_1_24' title="bbox 237 2696 1296 2796; baseline -0.004 -20"><span class='ocrx_word' id='word_1_183' title='bbox 237 2705 347 2776; x_wconf 86' lang='lat' dir='ltr'><strong>etiam</strong></span> <span class='ocrx_word' id='word_1_184' title='bbox 358 2698 499 2791; x_wconf 76' lang='lat' dir='ltr'><strong>iustitiae</strong></span> <span class='ocrx_word' id='word_1_185' title='bbox 516 2703 683 2796; x_wconf 80' lang='lat' dir='ltr'><strong>exemplo</strong></span> <span class='ocrx_word' id='word_1_186' title='bbox 697 2698 868 2794; x_wconf 77' lang='lat' dir='ltr'><strong>iustitiam</strong></span> <span class='ocrx_word' id='word_1_187' title='bbox 883 2696 1049 2774; x_wconf 85' lang='lat' dir='ltr'><strong>doceam.</strong></span> <span class='ocrx_word' id='word_1_188' title='bbox 1097 2698 1296 2793; x_wconf 85' lang='lat' dir='ltr'><strong>Propterea</strong></span> 
     </span>
     <span class='ocr_line' id='line_1_25' title="bbox 236 2796 1296 2895; baseline -0.007 -17"><span class='ocrx_word' id='word_1_189' title='bbox 236 2799 333 2878; x_wconf 86' lang='lat' dir='ltr'><strong>ficut</strong></span> <span class='ocrx_word' id='word_1_190' title='bbox 348 2797 429 2874; x_wconf 87' lang='lat' dir='ltr'><strong>sunt</strong></span> <span class='ocrx_word' id='word_1_191' title='bbox 447 2800 610 2895; x_wconf 83' lang='lat' dir='ltr'><strong>pecunie</strong></span> <span class='ocrx_word' id='word_1_192' title='bbox 626 2797 783 2894; x_wconf 80' lang='lat' dir='ltr'><strong>injuste,</strong></span> <span class='ocrx_word' id='word_1_193' title='bbox 807 2817 887 2890; x_wconf 85' lang='lat' dir='ltr'><strong>quae</strong></span> <span class='ocrx_word' id='word_1_194' title='bbox 900 2797 1023 2889; x_wconf 90' lang='lat' dir='ltr'><strong>inique</strong></span> <span class='ocrx_word' id='word_1_195' title='bbox 1043 2796 1077 2871; x_wconf 79' lang='lat' dir='ltr'><strong>u</strong></span> <span class='ocrx_word' id='word_1_196' title='bbox 1097 2811 1228 2873; x_wconf 89' lang='lat' dir='ltr'><strong>contra</strong></span> <span class='ocrx_word' id='word_1_197' title='bbox 1244 2801 1296 2871; x_wconf 92' lang='lat' dir='ltr'><strong>le·</strong></span> 
     </span>
     <span class='ocr_line' id='line_1_26' title="bbox 237 2895 1295 2998; baseline -0.003 -24"><span class='ocrx_word' id='word_1_198' title='bbox 237 2921 320 2998; x_wconf 86' lang='lat' dir='ltr'><strong>gem</strong></span> <span class='ocrx_word' id='word_1_199' title='bbox 349 2914 613 2996; x_wconf 79' lang='lat' dir='ltr'><strong>congregantur</strong></span> <span class='ocrx_word' id='word_1_200' title='bbox 636 2921 701 2995; x_wconf 88' lang='lat' dir='ltr'><strong>per</strong></span> <span class='ocrx_word' id='word_1_201' title='bbox 727 2899 941 2974; x_wconf 87' lang='lat' dir='ltr'><strong>calumniam</strong></span> <span class='ocrx_word' id='word_1_202' title='bbox 967 2897 1234 2991; x_wconf 69' lang='lat' dir='ltr'><strong>emendans,</strong></span> <span class='ocrx_word' id='word_1_203' title='bbox 1260 2895 1295 2972; x_wconf 78' lang='lat' dir='ltr'><strong>dr</strong></span> 
     </span>
     <span class='ocr_line' id='line_1_27' title="bbox 237 2996 1296 3092; baseline -0.003 -18"><span class='ocrx_word' id='word_1_204' title='bbox 237 2996 379 3074; x_wconf 87' lang='lat' dir='ltr'><strong>diversa</strong></span> <span class='ocrx_word' id='word_1_205' title='bbox 394 3001 550 3072; x_wconf 83' lang='lat' dir='ltr'><strong>avaritiae</strong></span> <span class='ocrx_word' id='word_1_206' title='bbox 570 3001 685 3073; x_wconf 83' lang='lat' dir='ltr'><strong>nrala:</strong></span> <span class='ocrx_word' id='word_1_207' title='bbox 711 2998 745 3072; x_wconf 74' lang='lat' dir='ltr'><strong>de</strong></span> <span class='ocrx_word' id='word_1_208' title='bbox 761 2996 898 3072; x_wconf 86' lang='lat' dir='ltr'><strong>rursum</strong></span> <span class='ocrx_word' id='word_1_209' title='bbox 914 2996 995 3071; x_wconf 89' lang='lat' dir='ltr'><strong>sunt</strong></span> <span class='ocrx_word' id='word_1_210' title='bbox 1010 3000 1189 3092; x_wconf 81' lang='lat' dir='ltr'><strong>pecunie,</strong></span> <span class='ocrx_word' id='word_1_211' title='bbox 1216 3017 1296 3090; x_wconf 73' lang='lat' dir='ltr'><strong>quae</strong></span> 
     </span>
     <span class='ocr_line' id='line_1_28' title="bbox 233 3093 1338 3200; baseline -0.001 -30"><span class='ocrx_word' id='word_1_212' title='bbox 233 3095 328 3194; x_wconf 78' lang='lat' dir='ltr'><strong>juste</strong></span> <span class='ocrx_word' id='word_1_213' title='bbox 345 3097 379 3172; x_wconf 75' lang='lat' dir='ltr'><strong>o</strong></span> <span class='ocrx_word' id='word_1_214' title='bbox 395 3097 587 3172; x_wconf 87' lang='lat' dir='ltr'><strong>secundum</strong></span> <span class='ocrx_word' id='word_1_215' title='bbox 605 3100 720 3200; x_wconf 75' lang='lat' dir='ltr'><strong>legero</strong></span> <span class='ocrx_word' id='word_1_216' title='bbox 736 3111 962 3194; x_wconf 77' lang='lat' dir='ltr'><strong>congregate</strong></span> <span class='ocrx_word' id='word_1_217' title='bbox 975 3096 1076 3188; x_wconf 89' lang='lat' dir='ltr'><strong>sunt,</strong></span> <span class='ocrx_word' id='word_1_218' title='bbox 1102 3093 1224 3189; x_wconf 85' lang='lat' dir='ltr'><strong>idest,</strong></span> <span class='ocrx_word' id='word_1_219' title='bbox 1247 3094 1296 3172; x_wconf 85' lang='lat' dir='ltr'><strong>de</strong></span> <span class='ocrx_word' id='word_1_220' title='bbox 1335 3130 1338 3136; x_wconf 93' lang='lat'>·</span> 
     </span>
     <span class='ocr_line' id='line_1_29' title="bbox 239 3195 1298 3293; baseline 0 -24"><span class='ocrx_word' id='word_1_221' title='bbox 239 3198 396 3293; x_wconf 86' lang='lat' dir='ltr'><strong>propriis</strong></span> <span class='ocrx_word' id='word_1_222' title='bbox 427 3199 460 3271; x_wconf 80' lang='lat' dir='ltr'><strong>dr</strong></span> <span class='ocrx_word' id='word_1_223' title='bbox 487 3196 587 3292; x_wconf 75' lang='lat' dir='ltr'><strong>Justis</strong></span> <span class='ocrx_word' id='word_1_224' title='bbox 617 3197 818 3272; x_wconf 82' lang='lat' dir='ltr'><strong>laboribus:</strong></span> <span class='ocrx_word' id='word_1_225' title='bbox 844 3197 894 3269; x_wconf 89' lang='lat' dir='ltr'><strong>ita</strong></span> <span class='ocrx_word' id='word_1_226' title='bbox 919 3198 1026 3270; x_wconf 82' lang='lat' dir='ltr'><strong>etiarn</strong></span> <span class='ocrx_word' id='word_1_227' title='bbox 1050 3199 1088 3270; x_wconf 94' lang='lat' dir='ltr'><strong>in</strong></span> <span class='ocrx_word' id='word_1_228' title='bbox 1118 3197 1236 3271; x_wconf 88' lang='lat' dir='ltr'><strong>verbo</strong></span> <span class='ocrx_word' id='word_1_229' title='bbox 1262 3195 1298 3269; x_wconf 80' lang='lat' dir='ltr'><strong>ds</strong></span> 
     </span>
     <span class='ocr_line' id='line_1_30' title="bbox 239 3295 1297 3388; baseline 0.003 -18"><span class='ocrx_word' id='word_1_230' title='bbox 239 3295 403 3378; x_wconf 76' lang='lat' dir='ltr'><strong>doilrida</strong></span> <span class='ocrx_word' id='word_1_231' title='bbox 418 3296 487 3371; x_wconf 85' lang='lat' dir='ltr'><strong>elle</strong></span> <span class='ocrx_word' id='word_1_232' title='bbox 508 3296 706 3372; x_wconf 86' lang='lat' dir='ltr'><strong>invenitur.</strong></span> <span class='ocrx_word' id='word_1_233' title='bbox 756 3297 848 3370; x_wconf 85' lang='lat' dir='ltr'><strong>Sunt</strong></span> <span class='ocrx_word' id='word_1_234' title='bbox 864 3296 976 3369; x_wconf 88' lang='lat' dir='ltr'><strong>verba</strong></span> <span class='ocrx_word' id='word_1_235' title='bbox 998 3316 1067 3369; x_wconf 89' lang='lat' dir='ltr'><strong>nec</strong></span> <span class='ocrx_word' id='word_1_236' title='bbox 1084 3297 1200 3388; x_wconf 89' lang='lat' dir='ltr'><strong>bene,</strong></span> <span class='ocrx_word' id='word_1_237' title='bbox 1225 3314 1297 3373; x_wconf 83' lang='lat' dir='ltr'><strong>nec</strong></span> 
     </span>
     <span class='ocr_line' id='line_1_31' title="bbox 236 3393 1299 3494; baseline -0.001 -26"><span class='ocrx_word' id='word_1_238' title='bbox 236 3395 351 3492; x_wconf 81' lang='lat' dir='ltr'><strong>juste,</strong></span> <span class='ocrx_word' id='word_1_239' title='bbox 376 3416 446 3471; x_wconf 86' lang='lat' dir='ltr'><strong>nec</strong></span> <span class='ocrx_word' id='word_1_240' title='bbox 465 3393 621 3493; x_wconf 79' lang='lat' dir='ltr'><strong>legitime</strong></span> <span class='ocrx_word' id='word_1_241' title='bbox 638 3409 873 3494; x_wconf 85' lang='lat' dir='ltr'><strong>congregata,</strong></span> <span class='ocrx_word' id='word_1_242' title='bbox 899 3409 940 3468; x_wconf 91' lang='lat' dir='ltr'><strong>ut</strong></span> <span class='ocrx_word' id='word_1_243' title='bbox 953 3395 1299 3473; x_wconf 78' lang='lat' dir='ltr'><strong>hereticorumver·</strong></span> 
     </span>
    </p>

    <p class='ocr_par' dir='ltr' id='par_1_14' title="bbox 191 3493 1301 3690">
     <span class='ocr_line' id='line_1_32' title="bbox 191 3493 1298 3592; baseline -0.004 -21"><span class='ocrx_word' id='word_1_244' title='bbox 191 3521 195 3546; x_wconf 77' lang='lat'>¹</span> <span class='ocrx_word' id='word_1_245' title='bbox 241 3497 287 3571; x_wconf 90' lang='lat' dir='ltr'><strong>ba</strong></span> <span class='ocrx_word' id='word_1_246' title='bbox 314 3493 419 3591; x_wconf 88' lang='lat' dir='ltr'><strong>sunt,</strong></span> <span class='ocrx_word' id='word_1_247' title='bbox 444 3495 478 3569; x_wconf 74' lang='lat' dir='ltr'><strong>du</strong></span> <span class='ocrx_word' id='word_1_248' title='bbox 500 3494 661 3570; x_wconf 70' lang='lat' dir='ltr'><strong>dobtrina</strong></span> <span class='ocrx_word' id='word_1_249' title='bbox 684 3510 813 3569; x_wconf 85' lang='lat' dir='ltr'><strong>contra</strong></span> <span class='ocrx_word' id='word_1_250' title='bbox 835 3496 952 3592; x_wconf 86' lang='lat' dir='ltr'><strong>legem</strong></span> <span class='ocrx_word' id='word_1_251' title='bbox 968 3494 1041 3586; x_wconf 87' lang='lat' dir='ltr'><strong>Dei</strong></span> <span class='ocrx_word' id='word_1_252' title='bbox 1057 3508 1298 3591; x_wconf 86' lang='lat' dir='ltr'><strong>congregata,</strong></span> 
     </span>
     <span class='ocr_line' id='line_1_33' title="bbox 242 3593 1301 3690; baseline -0.002 -22"><span class='ocrx_word' id='word_1_253' title='bbox 242 3615 320 3690; x_wconf 82' lang='lat' dir='ltr'><strong>quae</strong></span> <span class='ocrx_word' id='word_1_254' title='bbox 345 3616 416 3670; x_wconf 88' lang='lat' dir='ltr'><strong>nos</strong></span> <span class='ocrx_word' id='word_1_255' title='bbox 436 3597 541 3670; x_wconf 88' lang='lat' dir='ltr'><strong>velut</strong></span> <span class='ocrx_word' id='word_1_256' title='bbox 567 3597 724 3685; x_wconf 89' lang='lat' dir='ltr'><strong>iniquam</strong></span> <span class='ocrx_word' id='word_1_257' title='bbox 747 3596 938 3688; x_wconf 85' lang='lat' dir='ltr'><strong>pecuniam</strong></span> <span class='ocrx_word' id='word_1_258' title='bbox 962 3593 1239 3688; x_wconf 69' lang='lat' dir='ltr'><strong>speonnam,</strong></span> <span class='ocrx_word' id='word_1_259' title='bbox 1265 3594 1301 3667; x_wconf 82' lang='lat' dir='ltr'><strong>dr</strong></span> 
     </span>
    </p>

    <p class='ocr_par' dir='ltr' id='par_1_15' title="bbox 193 3692 1303 3887">
     <span class='ocr_line' id='line_1_34' title="bbox 193 3692 1299 3792; baseline -0.005 -22"><span class='ocrx_word' id='word_1_260' title='bbox 193 3703 197 3710; x_wconf 87' lang='lat'>&#39;</span> <span class='ocrx_word' id='word_1_261' title='bbox 243 3695 288 3770; x_wconf 89' lang='lat' dir='ltr'><strong>de</strong></span> <span class='ocrx_word' id='word_1_262' title='bbox 306 3698 403 3770; x_wconf 85' lang='lat' dir='ltr'><strong>malo</strong></span> <span class='ocrx_word' id='word_1_263' title='bbox 424 3692 611 3792; x_wconf 79' lang='lat' dir='ltr'><strong>collediarn</strong></span> <span class='ocrx_word' id='word_1_264' title='bbox 628 3692 793 3790; x_wconf 87' lang='lat' dir='ltr'><strong>refugere</strong></span> <span class='ocrx_word' id='word_1_265' title='bbox 814 3693 998 3768; x_wconf 87' lang='lat' dir='ltr'><strong>debemus.</strong></span> <span class='ocrx_word' id='word_1_266' title='bbox 1052 3694 1166 3769; x_wconf 89' lang='lat' dir='ltr'><strong>Orate</strong></span> <span class='ocrx_word' id='word_1_267' title='bbox 1189 3715 1299 3789; x_wconf 89' lang='lat' dir='ltr'><strong>ergo,</strong></span> 
     </span>
     <span class='ocr_line' id='line_1_35' title="bbox 241 3790 1303 3887; baseline -0.005 -19"><span class='ocrx_word' id='word_1_268' title='bbox 241 3809 284 3868; x_wconf 90' lang='lat' dir='ltr'><strong>ut</strong></span> <span class='ocrx_word' id='word_1_269' title='bbox 300 3795 376 3868; x_wconf 84' lang='lat' dir='ltr'><strong>haec</strong></span> <span class='ocrx_word' id='word_1_270' title='bbox 396 3790 517 3867; x_wconf 89' lang='lat' dir='ltr'><strong>nostra</strong></span> <span class='ocrx_word' id='word_1_271' title='bbox 536 3792 713 3887; x_wconf 86' lang='lat' dir='ltr'><strong>pecunia,</strong></span> <span class='ocrx_word' id='word_1_272' title='bbox 739 3814 844 3883; x_wconf 86' lang='lat' dir='ltr'><strong>quarn</strong></span> <span class='ocrx_word' id='word_1_273' title='bbox 859 3795 967 3866; x_wconf 89' lang='lat' dir='ltr'><strong>vobis</strong></span> <span class='ocrx_word' id='word_1_274' title='bbox 982 3791 1219 3883; x_wconf 85' lang='lat' dir='ltr'><strong>foeneramus‚</strong></span> <span class='ocrx_word' id='word_1_275' title='bbox 1245 3805 1303 3863; x_wconf 91' lang='lat' dir='ltr'><strong>to·</strong></span> 
     </span>
    </p>

    <p class='ocr_par' dir='ltr' id='par_1_16' title="bbox 192 3889 1415 3987">
     <span class='ocr_line' id='line_1_36' title="bbox 192 3889 1415 3987; baseline -0.004 -17"><span class='ocrx_word' id='word_1_276' title='bbox 192 3901 197 3922; x_wconf 94' lang='lat'>&#39;</span> <span class='ocrx_word' id='word_1_277' title='bbox 242 3906 280 3970; x_wconf 88' lang='lat' dir='ltr'><strong>ta</strong></span> <span class='ocrx_word' id='word_1_278' title='bbox 298 3895 506 3968; x_wconf 86' lang='lat' dir='ltr'><strong>inueniatur</strong></span> <span class='ocrx_word' id='word_1_279' title='bbox 529 3914 573 3966; x_wconf 83' lang='lat' dir='ltr'><strong>ex</strong></span> <span class='ocrx_word' id='word_1_280' title='bbox 590 3889 690 3987; x_wconf 88' lang='lat' dir='ltr'><strong>justis</strong></span> <span class='ocrx_word' id='word_1_281' title='bbox 714 3892 923 3974; x_wconf 88' lang='lat' dir='ltr'><strong>laboribus,</strong></span> <span class='ocrx_word' id='word_1_282' title='bbox 955 3907 1033 3965; x_wconf 89' lang='lat' dir='ltr'><strong>tota</strong></span> <span class='ocrx_word' id='word_1_283' title='bbox 1056 3895 1101 3967; x_wconf 91' lang='lat' dir='ltr'><strong>de</strong></span> <span class='ocrx_word' id='word_1_284' title='bbox 1120 3892 1304 3967; x_wconf 87' lang='lat' dir='ltr'><strong>dominica</strong></span> <span class='ocrx_word' id='word_1_285' title='bbox 1413 3931 1415 3936; x_wconf 66' lang='lat'>,</span> 
     </span>
    </p>

    <p class='ocr_par' dir='ltr' id='par_1_17' title="bbox 192 3990 1308 4169">
     <span class='ocr_line' id='line_1_37' title="bbox 192 3990 1308 4169; baseline -0.013 -94"><span class='ocrx_word' id='word_1_286' title='bbox 192 4035 195 4076; x_wconf 72' lang='grc' dir='ltr'>ι</span> <span class='ocrx_word' id='word_1_287' title='bbox 242 4009 390 4070; x_wconf 79' lang='lat' dir='ltr'><strong>moneta</strong></span> <span class='ocrx_word' id='word_1_288' title='bbox 407 3994 637 4090; x_wconf 84' lang='lat' dir='ltr'><strong>procedens,</strong></span> <span class='ocrx_word' id='word_1_289' title='bbox 669 4003 713 4068; x_wconf 86' lang='lat' dir='ltr'><strong>ut</strong></span> <span class='ocrx_word' id='word_1_290' title='bbox 732 3990 766 4082; x_wconf 71' lang='grc' dir='ltr'>ἀ</span> <span class='ocrx_word' id='word_1_291' title='bbox 788 4010 858 4067; x_wconf 87' lang='lat' dir='ltr'><strong>vos</strong></span> <span class='ocrx_word' id='word_1_292' title='bbox 877 3991 994 4088; x_wconf 70' lang='lat' dir='ltr'><strong>loejnus</strong></span> <span class='ocrx_word' id='word_1_293' title='bbox 1011 3995 1198 4169; x_wconf 48' lang='lat' dir='ltr'><strong>iutegrugs</strong></span> <span class='ocrx_word' id='word_1_294' title='bbox 1217 4010 1308 4061; x_wconf 52' lang='lat' dir='ltr'><strong>eon,</strong></span> 
     </span>
    </p>

    <p class='ocr_par' dir='ltr' id='par_1_18' title="bbox 966 4110 1282 4189">
     <span class='ocr_line' id='line_1_38' title="bbox 966 4110 1282 4189; baseline 0 -65"><span class='ocrx_word' id='word_1_295' title='bbox 966 4113 970 4124; x_wconf 94' lang='lat'>.</span> <span class='ocrx_word' id='word_1_296' title='bbox 1188 4110 1282 4189; x_wconf 49' lang='lat' dir='ltr'><strong>m,</strong></span> 
     </span>
    </p>
   </div>
   <div class='ocr_carea' id='block_1_3' title="bbox 0 0 1643 4609">
    <p class='ocr_par' dir='ltr' id='par_1_19' title="bbox 0 0 1643 4609">
     <span class='ocr_line' id='line_1_39' title="bbox 0 0 1643 4609; baseline 0 0"><span class='ocrx_word' id='word_1_297' title='bbox 0 0 1643 4609; x_wconf 95' lang='lat' dir='ltr'><strong> </strong></span> 
     </span>
    </p>
   </div>
  </div>
 </body>
</html>
