3242 4609
224 262 244 288 ⁵
321 351 413 424 rm
512 389 516 394 .
606 272 1124 405 evertetur
1227 271 1428 406 ''-s

337 503 430 566 tute.
463 485 554 563 Tale
571 497 713 584 autern,
739 485 837 579 quod
852 484 1016 561 dicimus:
1042 484 1223 580 Sapientia
1239 485 1274 560 δι
1289 483 1397 568 stien·

192 615 195 620 ’
231 658 235 664 .
337 594 390 666 tia
407 608 486 683 pers
505 586 556 660 est
575 608 700 681 magne
720 589 921 659 virtutum:
952 584 1009 658 sed
1028 589 1066 661 in
1086 583 1256 679 praesenti·
1272 590 1351 673 vita
1370 579 1443 676 sr‘?

253 706 269 745 ··
339 693 417 784 quis
437 700 541 781 putat
560 686 595 758 se
618 683 857 782 cognovisse,
889 686 1049 770 nondum
1069 686 1249 782 cognovit
1262 694 1280 768 ,'
1304 688 1395 762 'ficut
1431 679 1443 770 ,τ’

340 798 493 883 oportet
515 786 622 878 seire,
649 786 710 877 qui
725 785 818 859 enim
840 784 1047 881 cognoscit,
1074 784 1111 857 in
1133 785 1319 882 enigmate
1337 807 1396 860 eo·
1432 759 1443 860 a*

262 928 286 940 ·-
330 886 490 987 ,gnoscit
540 883 638 981 Ergo
649 887 690 958 in
700 883 859 980 ‘imagine
874 884 1027 957 scientiae
1038 885 1254 972 ambulamus
1273 885 1395 961 &non
1430 873 1443 982 ᾗ

248 979 265 998 “
338 992 378 1062 in
391 986 462 1084 ipsa
476 985 633 1076 scientia,
653 984 937 1077 perquamfacie
953 973 1134 1057 adfaciem
1151 982 1443 1081 cognosciturff

337 1084 396 1163 Ita
407 1084 733 1158 nihilominusuin
747 1081 819 1176 ipsa
831 1083 1007 1179 sapientiae
1018 1084 1396 1178 imagine,un0ndum

231 1243 235 1258 .
338 1184 456 1280 inipsa
468 1182 636 1277 sapientia
651 1185 888 1277 ambulamus,
906 1185 987 1276 quia
997 1184 1158 1256 nondum
1170 1184 1332 1258 revelate
1348 1183 1395 1256 fe·
1436 1253 1443 1284 ·.

341 1288 397 1378 cie
410 1285 558 1381 gloriam
572 1283 720 1372 Domini
733 1286 962 1375 speculamur.
1013 1282 1148 1356 Eadem
1163 1282 1280 1356 audeo
1292 1282 1396 1376 deju·
1432 1303 1443 1382 ᾗ

232 1383 235 1394 ’
264 1404 271 1410 ’·
340 1384 518 1480 stitiaDei
530 1382 669 1475 dicere,
688 1383 786 1474 quod
802 1384 839 1456 in
853 1384 1002 1479 imagine
1014 1382 1396 1482 justitiaeambulamug
1438 1411 1443 1478 ᾗ

232 1555 235 1560 ,
342 1486 377 1557 bt
389 1483 549 1557 nondum
563 1482 599 1553 in
611 1484 672 1554 illa
681 1478 834 1576 justitia,
852 1505 928 1576 quae
945 1481 996 1555 est
1006 1482 1098 1554 facie
1117 1482 1160 1553 ad
1177 1479 1332 1574 samem,—
1344 1482 1395 1557 in·
1440 1517 1442 1540 ι

270 1615 278 1638 1·
340 1584 510 1656 cedimus.
536 1579 667 1672 Neque
688 1583 782 1655 enim
800 1604 927 1678 capere
944 1582 1082 1674 poterit
1099 1579 1251 1654 humana
1269 1594 1396 1656 natura
1438 1621 1440 1626 ·

339 1683 493 1779 pellibus
510 1682 543 1753 ἀ
558 1700 664 1754 carne
679 1681 828 1764 vestita,
844 1682 972 1756 ossibus
985 1682 1018 1753 δι
1031 1683 1152 1753 nervis
1168 1678 1318 1774 inserta,
1333 1701 1395 1755 nu·

296 1863 298 1867 ,
341 1783 421 1856 darn
434 1777 937 1873 ipsamjustitiaesrnceranrque
950 1782 1140 1853 veritatem
1155 1778 1397 1855 ferre&tole·

190 1956 196 1985 ι
339 1901 421 1953 rare
436 1877 628 1952 secundum
643 1893 778 1952 naturae
797 1880 1076 1974 suaepotentiam
1092 1901 1133 1951 ac
1146 1879 1330 1954 virtutem.
1362 1880 1397 1955 si
1422 1933 1431 1958 .

261 2001 263 2005 '
342 1975 566 2072 quidemipse
577 1976 733 2070 Christus
749 1980 799 2053 est
810 1996 937 2053 natura
950 1980 1142 2084 virtutum:
1158 1976 1231 2074 ipse
1242 1982 1335 2053 enim
1344 1980 1397 2073 ju·
1440 2047 1442 2072 Ι

218 2115 222 2164 ·.
256 2133 259 2141 ,
340 2080 454 2171 stitia,
473 2099 549 2171 quae
561 2077 718 2153 humano
733 2081 855 2176 generi
870 2102 946 2153 non
966 2081 1002 2151 in
1016 2079 1274 2171 plenitudinem
1286 2077 1396 2172 splen

341 2180 441 2252 doris
455 2177 634 2269 advenit,
658 2176 850 2276 quiaJesus
866 2177 1022 2254 Christus
1040 2175 1401 2274 seipsum-exinanivit·

339 2278 459 2354 forma
472 2276 557 2369 Dei,
570 2276 774 2353 utformarn
788 2277 1080 2370 serviaccipetet.
1108 2274 1345 2369 Etfiquidem
1355 2278 1398 2352 de

309 2423 313 2428 -
341 2375 424 2451 solis
440 2376 572 2471 Judaeis
582 2375 696 2451 sermo
712 2377 891 2472 scripturae
903 2382 1134 2470 loqueretur,
1149 2375 1288 2452 dixisset
1300 2377 1397 2452 forfi-

243 2467 246 2488 '
316 2490 416 2569 man,
434 2497 642 2569 quamquem
657 2478 694 2550 in
712 2479 837 2554 umbra
855 2479 1013 2552 ambulet
1031 2479 1162 2552 homo:
1187 2464 1344 2570 sesqua
1355 2490 1397 2551 ut

252 2575 255 2581 ’
341 2578 496 2652 arbitror
508 2577 891 2652 demelioribusse'rmo
903 2573 1071 2670 fit,quam
1084 2576 1261 2669 mantilis,
1280 2575 1400 2670 quise·

341 2677 496 2751 cundum
517 2678 676 2770 umbram
695 2678 780 2773 segis
800 2678 995 2767 vivebant,
1014 2674 1398 2769 proptereaseriptum

340 2776 406 2870 est,
422 2800 608 2873 quamquam
624 2781 665 2845 in.
675 2780 807 2870 imagine
817 2777 952 2846 ambulet
967 2779 1064 2845 humo.
1091 2776 1202 2875 Quod
1217 2777 1343 2850 clarius
1355 2776 1399 2849 ad

338 2873 560 2948 intellettum
579 2876 704 2947 veniet
720 2896 766 2949 ex
783 2874 1005 2950 sermonibus
1025 2874 1178 2968 apostoli
1196 2875 1314 2969 Pauli,
1340 2877 1399 2969 qui

295 3009 305 3018 -
336 2988 415 3047 ¹tres
429 2972 593 3065 quasdam
606 2970 739 3066 species
751 2977 982 3069 proprietatis
995 2975 1194 3069 desrgnatin
1207 2975 1306 3072 iege,
1323 2996 1397 3048 um·

340 3071 441 3147 brem
460 3072 631 3147 dicens&
648 3074 837 3169 imaginem
858 3074 892 3147 δι
909 3075 1127 3167 veritatem,
1160 3075 1210 3147 ait
1227 3092 1393 3165 namque:

242 3210 263 3269 s
349 3174 497 3245 Umbram
511 3182 603 3264 ,enim
623 3175 739 3245 habens
759 3176 812 3245 lex
827 3174 972 3246 bonorum
986 3174 1196 3266 futurorum,
1215 3198 1281 3252 eren
1298 3174 1395 3271 ipsam
1423 3208 1429 3219 ·

340 3276 642 3368 immunitatum,
652 3274 851 3371 perfirrgulns
862 3298 963 3346 annus
975 3276 1083 3345 iisdem
1094 3275 1163 3369 ipsss
1176 3275 1302 3372 lerssr‘r‘s,
1319 3273 1398 3371 qr'tas

339 3367 720 3468 'offeruntindefinemem
736 3399 901 3472 nunquam
918 3373 1011 3470 potest
1031 3377 1203 3445 recedenter
1214 3375 1320 3464 facere
1327 3396 1399 3470 prr·

221 3561 223 3568 ¹
332 3470 448 3572 seties.
474 3468 650 3568 Erg9,lex
670 3475 831 3548 umbram
845 3474 955 3547 habet
972 3472 1176 3545 futurorum
1193 3477 1397 3563 bonorum,

313 3630 316 3638 .
338 3569 864 3668 monipsamimaginemrerum
877 3572 1066 3646 ostendens
1081 3573 1417 3668 srnedubiomliam
1438 3609 1442 3620 ,

228 3670 230 3675 ’
339 3669 410 3744 effe
420 3670 607 3767 imaginem
621 3693 754 3764 rerum,
771 3694 874 3764 quarn
886 3673 994 3763 illarn,
1015 3674 1187 3769 quaelegis
1200 3676 1325 3756 umbra
1337 3671 1397 3744 de-

333 3771 504 3866 signatur.
532 3765 618 3844 Etsi
633 3774 708 3862 quis
729 3770 849 3864 potest
867 3770 1065 3844 describere
1083 3771 1347 3845 observantiam
1359 3771 1400 3843 il·

339 3872 409 3944 lam
424 3868 560 3963 judaici·
570 3872 708 3963 cultus,
730 3870 948 3962 consideret,
966 3872 1138 3963 templum
1151 3872 1237 3943 illud
1250 3893 1327 3943 non
1339 3872 1400 3944 ha·

340 3969 452 4045 buisse
471 3971 659 4074 imaginem
673 3990 812 4068 rerum,
832 3969 891 4045 sed
910 3973 1087 4046 umbram:
1107 3970 1231 4045 videat
1253 3991 1400 4142 qauoque

549 4101 553 4110 ,
773 4110 776 4115 ,
951 4081 955 4088 ·
991 4089 993 4096 ·
1300 4084 1349 4143 ta·
