3242 4609
422 265 1123 374 sninciirurraiulos.
1258 283 1305 396 sl

232 469 355 552 gogus
363 451 501 528 ·=noster
524 451 660 528 samin
683 449 826 530 Christo
851 453 1099 548 delinquentes
1122 454 1160 531 in
1180 453 1261 557 lege
1282 463 1321 533 ι’

233 553 437 652 pedagogo
455 555 765 650 corripiebantur,
791 575 873 634 cunr
894 555 1133 654 puniebantur
1150 559 1302 657 exlege.

236 653 485 728 Punieban'tur
506 655 624 748 enim,
657 656 718 728 vel
737 675 818 728 cum
836 654 1107 750 lapidabantur,
1134 657 1195 731 vel
1213 656 1303 744 ,curn

238 753 372 844 aliquid
390 774 541 846 eorum,
568 773 646 852 quae
658 752 809 849 Moyses
831 750 1033 848 scripserat,
1060 747 1301 849 perferebant,

238 849 372 948 Nullus
387 873 474 949 ergo
496 874 646 947 eorum,
673 854 865 946 dequibus
882 852 1038 950 superius
1055 856 1230 951 diximus,-
1255 857 1301 932 ab

235 950 320 1046 ipso·
333 953 583 1047 patrefamilias
596 957 820 1047 puniebatur.
870 952 960 1028 Non
979 955 1303 1050 enimeratpater·
1411 980 1413 990 ·

234 1051 386 1127 familias
409 1051 492 1144 lex,
517 1073 635 1146 neque
659 1049 820 1149 Angelis
843 1056 1073 1147 ponitentiae.
1125 1055 1195 1130 Sed
1217 1051 1301 1131 sune

187 1195 192 1292 Ι
235 1153 301 1225 alia
319 1166 497 1247 peccata,
515 1173 591 1254 ¹pro
615 1155 742 1245 quibus
766 1168 976 1250 peccantem
1001 1150 1077 1254 ipse
1095 1155 1299 1247 paterfami-
1416 1192 1418 1196 ·

235 1251 444 1344 lias-punit,
471 1275 552 1326 eum
575 1253 767 1345 videlicet,
794 1255 855 1346 qui
877 1251 1072 1328 mensuram
1094 1253 1299 1336 facinorum

187 1357 191 1398 ἰ
237 1347 497 1447 supergressus,
522 1355 616 1425 ultra
631 1355 802 1426 creaturae
818 1354 1072 1428 contumeliam
1088 1350 1228 1427 sceleris
1246 1351 1303 1440 sui¹
1421 1429 1428 1435 .

187 1517 202 1532 .,
234 1449 420 1542 impietate
435 1451 600 1527 tetendit.
634 1451 715 1526 Nec
730 1467 850 1526 tamen
872 1454 958 1525 alius
976 1454 1054 1545 quis
1075 1454 1186 1526 novit
1209 1472 1323 1547 praer

236 1563 292 1630 ter
306 1549 428 1625 Deum
442 1550 575 1646 solum,
603 1554 739 1644 quivel
753 1553 896 1643 quando
914 1552 1213 1646 procuratoribus
1227 1565 1301 1627 tra·

238 1647 423 1723 didebeat
448 1649 694 1747 castigandus,
725 1653 787 1724 vel
812 1655 871 1744 qui
899 1652 1148 1746 corripiendus
1171 1650 1301 1726 nitori·

237 1749 322 1840 bus,
349 1739 493 1841 qusndo
509 1753 614 1825 etiam
631 1754 690 1844 qui
708 1749 830 1845 subjici
846 1751 975 1826 debeat
987 1751 1206 1850 padagogo,
1238 1749 1300 1825 cui

237 1850 342 1923 etiam
359 1848 547 1923 inferiores
564 1852 631 1925 srnt
648 1852 777 1932 horum
794 1854 953 1926 omnium
972 1849 1299 1945 correptiones,sr

238 1950 313 2042 quis
334 1947 471 2022 scilicet
487 1951 567 2022 talis
591 1949 661 2044 est,
689 1953 748 2044 qui
768 1949 876 2044 ipsam
900 1949 962 2049 (ut
981 1950 1223 2048 itadixerim)
1245 1949 1300 2024 di·

189 2095 193 2132 2
237 2051 358 2138 vinam
372 2069 516 2124 manum
533 2052 570 2123 in
588 2049 682 2125 suam
699 2047 885 2145 prouocet
898 2053 1086 2126 ultionem.
1138 2050 1175 2123 si
1194 2050 1300 2137 intel·

188 2135 198 2224 r'·
236 2148 373 2240 lexisti,
406 2169 491 2241 quae*
506 2148 596 2266 ditia
612 2147 718 2244 sunt,
743 2152 767 2225 sr
792 2153 955 2226 altiorem
977 2150 1117 2224 secutus
1138 2171 1176 2222 es
1193 2149 1300 2222 intel·

189 2271 193 2308 τ
236 2247 392 2340 terrum,
415 2247 558 2322 intuere
578 2268 696 2342 nunc,
723 2252 876 2343 qualiter
892 2252 968 2324 haec
982 2252 1161 2345 propheta
1178 2246 1300 2342 prose·-
1333 2331 1334 2334 g

240 2349 382 2441 quitur,
410 2367 491 2422 cum
511 2348 625 2423 dicit:
650 2352 799 2423 etiamn
822 2352 1050 2444 corripis-me
1070 2349 1193 2442 Deus,
1219 2344 1299 2422 noli

237 2468 295 2524 me
314 2448 352 2522 in
373 2449 424 2519 ira
445 2450 640 2541 corripere.
690 2449 761 2521 Sed
783 2471 852 2522 nos
869 2471 937 2522 nec
954 2450 1086 2546 corrigi
1105 2451 1298 2543 volumus,
1419 2510 1424 2519 ,

238 2567 308 2622 nec
324 2545 556 2644 paedagogum
571 2551 726 2641 patimur
740 2563 1056 2641 commonentem,
1081 2568 1200 2638 neque
1213 2567 1300 2638 pro·
1426 2638 1428 2642 Ι

239 2662 447 2722 mutatorum
468 2650 526 2721 vel
549 2647 709 2722 adiutum
729 2651 981 2744 correptiones
1001 2647 1154 2720 libenter
1168 2645 1300 2740 accipi·

187 2771 188 2776 ¹
237 2768 338 2836 mus,
365 2746 611 2840 &propterea
626 2748 669 2820 ab
687 2746 758 2842 ipsa
777 2749 827 2822 ira
852 2748 922 2821 Dei
944 2747 1301 2842 correptionemsno·

237 2846 293 2920 bis
315 2846 441 2936 induci
451 2845 590 2921 necesse
608 2846 671 2923 est;
720 2848 904 2944 Propheta
920 2848 1015 2922 enim
1030 2846 1133 2921 dicit:
1162 2849 1301 2918 manius
1389 2837 1394 2854 ⁸

237 2946 523 3040 inlustraretur
539 2973 649 3041 arguas
668 2973 733 3034 me,
759 2974 857 3045 neque
870 2953 907 3019 in
922 2954 974 3019 ira
993 2965 1051 3019 tua
1070 2951 1221 3041 corripias
1238 2969 1297 3021 me.
1327 3023 1331 3029 ,

311 3067 345 3139 3.
371 3045 441 3119 Sed
457 3049 517 3139 qui
532 3047 605 3121 hoc
627 3046 737 3141 dicit,
764 3047 874 3122 debet
893 3047 1059 3143 proferre
1075 3048 1226 3137 aliquam
1243 3064 1300 3119 ra·

237 3145 402 3238 tionem,
425 3166 534 3237 quare
553 3147 647 3230 nolit
669 3150 731 3222 vel
748 3147 783 3222 in
802 3148 927 3222 furore
947 3148 1044 3243 argui
1060 3199 1073 3239 ,
1107 3146 1169 3218 vel
1187 3146 1223 3218 in
1245 3146 1298 3218 ira

237 3245 384 3342 corripi.
442 3245 493 3318 Et
511 3267 588 3338 que
611 3246 654 3319 srt
674 3246 736 3320 ista
760 3250 878 3339 ratio,
905 3249 1111 3336 videamus,
1137 3259 1179 3318 ut
1203 3265 1298 3340 nos,

229 3345 262 3420 'i
285 3346 523 3437 delinquimus
548 3345 641 3419 hanc
661 3348 839 3426 rationem
866 3345 1066 3438 discentes,
1106 3346 1140 3418 dr
1166 3344 1300 3419 facien·

237 3457 293 3519 tes
316 3443 508 3520 secundum
531 3446 635 3538 boc,
669 3447 787 3538 quod·
805 3447 1003 3539 docemur,
1037 3465 1113 3520 non
1140 3445 1300 3518 incurra-
1380 3491 1386 3516 .

236 3563 316 3620 mus
345 3547 383 3619 in
407 3545 751 3626 vindidamlfurore
782 3546 980 3647 arguentis,
1006 3548 1068 3621 vel
1100 3547 1153 3642 ira
1187 3543 1301 3617 corri-

236 3645 381 3740 pientis.
439 3652 628 3739 Quoniam,
665 3648 808 3741 inquit,
836 3649 964 3748 sagitta
981 3661 1051 3718 'rua
1082 3647 1189 3738 infixa
1214 3648 1300 3736 funt

235 3749 341 3839 aristi,
367 3745 407 3822 6
416 3747 603 3844 confirmasti
613 3747 708 3842 super
717 3774 765 3819 me
778 3772 905 3818 manum
923 3766 1022 3819 ruam.
1075 3745 1203 3818 Sermo
1219 3742 1309 3816 Do·'

236 3847 331 3923 lirini·
342 3844 477 3943 sagittis
499 3844 550 3920 est
569 3845 696 3922 similis.
746 3846 917 3940 Denique
938 3843 1157 3921 &Salvator
1175 3845 1226 3916 ita
1246 3839 1298 3915 di·
1341 3844 1343 3849 '

238 3939 311 4025 ait:
340 3945 450 4042 Posuit
465 3948 606 4046 mefites
614 3949 767 4130 salinsi}
784 3946 939 4047 elenae,
953 3946 1002 4030 ’ὕ
1020 3953 1060 4026 in
1073 3947 1226 4143 γὴϋζὶἱνα
1239 3941 1299 4032 [aa

788 4069 812 4127 2
847 4063 849 4070 '
1189 4066 1262 4124 turb
