3242 4609
305 235 308 240 ¹
381 327 384 338 ·
449 229 1159 413 tutne'nngtnesjntueon
1228 273 1338 402 {499

237 491 252 560 ι,
283 505 292 526 ‚·
329 460 468 535 “inuia
485 459 565 547 hat,
590 481 653 554 qua
671 457 868 529 ambulabam
882 441 1107 549 absconderint
1123 459 1265 558 laqueum
1275 471 1336 537 mi·
1408 539 1410 543 ,

237 594 241 636 ι
267 563 328 655 iti,
353 561 438 651 Ue]
477 555 655 632 Omnibus
677 553 873 632 virtutibui
889 560 1023 632 inimici
1041 557 1153 632 nostri
1172 562 1336 639 infidiam

237 659 242 740 i
268 677 339 736 tur.
383 658 429 733 'In
446 657 661 734 fortitudine
677 657 877 730 timiditatis
898 660 1062 750 laqueum
1083 658 1331 760 abscondunt,

237 797 240 838 ;
266 764 306 837 in
319 757 588 852 mansuetudine
603 755 784 831 audaciam
799 757 978 850 injiciunt,
1000 758 1156 850 dantque
1168 757 1332 857 operam,

237 925 238 936 t
265 877 332 954 ut,
356 879 440 953 cunt
461 853 517 931 fit·
533 856 776 948 eleemofina,
808 878 888 932 non
917 873 1069 952 propter
1088 858 1239 956 Deum,
1272 864 1334 937 sed

266 957 421 1056 propter
445 958 609 1031 videntes
632 955 720 1053 fiat,
743 956 810 1047 &5
845 978 925 1031 cum
943 959 1145 1052 jejunatur,
1179 978 1334 1056 propter
1361 1025 1371 1036 .

266 1060 434 1162 hemines
453 1058 647 1150 jejunetur.
699 1057 824 1148 Atque
839 1057 915 1130 haec
936 1060 1079 1148 quidem
1093 1062 1131 1131 in
1147 1059 1263 1135 adiva
1279 1064 1349 1147 vii.

268 1174 333 1248 ta3·
353 1159 390 1234 in
405 1158 625 1250 speculativa
636 1177 728 1228 nero
748 1170 902 1249 quantos
915 1161 1112 1249 putandum
1126 1158 1178 1231 est
1188 1181 1253 1253 per
1263 1163 1334 1234 hae-

266 1259 362 1336 reses
381 1259 469 1330 sanis
490 1258 670 1354 dogmatis
679 1256 778 1347 injici
790 1254 972 1348 laqueos?

284 1395 289 1402 ·
328 1363 451 1442 ,Periit
470 1358 553 1450 fuga
577 1381 597 1426 a
619 1382 689 1443 me,
715 1360 753 1431 (d
771 1381 839 1426 nen
857 1356 916 1453 efl,
948 1361 1005 1452 qui
1027 1360 1170 1452 requirat
1190 1363 1334 1432 animam

268 1482 390 1553 meam,
405 1455 489 1554 de]
517 1457 591 1549 Qui
609 1456 702 1528 hanc
717 1456 836 1554 fugam
852 1454 1030 1550 perdidit,
1055 1476 1133 1531 non
1148 1458 1270 1558 potest
1283 1462 1335 1535 di·

267 1563 370 1634 eer'et
400 1562 439 1629 In
458 1560 667 1630 redemtione
680 1553 822 1646 dilatasti
836 1558 928 1628 mebi.
968 1587 970 1594 ·
1378 1565 1380 1570 ’

286 1693 292 1700 ·
342 1657 613 1735 Clementiam,
647 1661 797 1726 [inminet
822 1657 915 1730 dixi:
951 1648 1004 1727 Tu
1018 1681 1049 1726 es
1061 1657 1130 1751 spes
1146 1682 1236 1747 mea,
1257 1681 1333 1756 por·

269 1763 320 1833 tio
342 1783 409 1830 mea
426 1766 465 1830 in
485 1774 573 1827 terra
592 1760 800 1843 viventium,
822 1755 908 1838 ite]
945 1753 981 1827 si
1006 1755 1187 1832 Dominus
1209 1758 1333 1833 noster

267 1859 439 1952 sapientia
465 1856 537 1949 est,
576 1855 714 1948 &ipse
732 1854 787 1929 est·
808 1854 933 1948 portio
955 1856 1180 1951 viventium,
1206 1862 1344 1951 utique
1427 1875 1429 1880 ·

266 1960 395 2054 portio
412 1956 615 2029 viventium
632 1955 683 2028 est
700 1957 891 2049 sapientia,
919 1976 994 2046 quae
1013 1953 1174 2031 Christus
1197 1958 1272 2053 est,
1298 1959 1334 2032 &
1399 1983 1401 1988 ·
1428 1963 1442 1978 ”

267 2056 461 2131 secundum
475 2073 579 2143 quam
600 2055 706 2126 etiam
725 2056 950 2146 appellantur
965 2056 1147 2131 viventes.
1291 2071 1295 2080 ’
1436 2053 1441 2062 ’

284 2187 292 2196 ·
349 2156 464 2227 Libera
485 2178 533 2224 me
556 2180 586 2224 a,
596 2155 851 2248 persequentibus
873 2158 919 2223 me
927 2203 937 2234 ,
962 2151 1045 2232 iffa]
1083 2142 1234 2230 Affiduae
1256 2170 1339 2232 ten·

264 2256 425 2331 tationes
443 2266 635 2338 mentema
654 2250 1016 2346 scientiaexpellunt.
1271 2325 1273 2331 ,
1398 2285 1401 2294 ’

348 2358 436 2430 Educ
455 2353 632 2451 decuflodia
646 2359 786 2425 animam
798 2376 915 2438 mm,
941 2349 1023 2443 Ua]
1055 2348 1152 2425 Non
1173 2356 1336 2430 omnium
1433 2381 1436 2400 ·

267 2456 321 2534 est
345 2455 493 2531 dicere:
523 2454 613 2530 Educ
636 2455 673 2524 de
688 2454 820 2551 custodia
842 2459 983 2530 animam
1008 2475 1131 2539 meam,
1168 2452 1228 2527 sed
1255 2456 1337 2527 illo·

267 2577 349 2632 rum
375 2568 544 2646 tantum,
584 2556 644 2646 qui
673 2567 826 2647 propter
852 2553 1043 2646 puritatem
1068 2552 1175 2628 etiam
1201 2556 1336 2647 absque

270 2654 907 2829 corporesfontemplationirerum,
933 2673 1011 2745 quae
1027 2650 1127 2725 fane
1146 2649 1249 2749 sunt,
1274 2675 1353 2729 va···

268 2779 351 2833 care
376 2778 426 2851 po
456 2769 532 2829 unt.
1219 2772 1222 2778 ·
1302 2769 1332 2784 ··

506 3091 534 3168 P
559 3091 583 3168 S
609 3091 645 3167 A
668 3094 702 3170 L
727 3091 772 3170 M
795 3089 884 3178 US
934 3087 1113 3182 CXLII.¹

271 3257 452 3439 Domine
477 3256 591 3328 exaudi
616 3260 793 3360 orationem
816 3278 935 3328 meam:
961 3252 1093 3327 auribus
1112 3253 1234 3349 percipe
1256 3250 1340 3341 eise...
1383 3300 1385 3304 -

362 3361 546 3431 trutinum
569 3380 668 3429 meam
688 3361 725 3427 in
744 3359 887 3429 ueritate
906 3369 988 3430 tuat
1020 3353 1134 3431 exaudi
1152 3377 1200 3423 me
1219 3355 1256 3423 in
1277 3368 1358 3426 tua·

267 3458 419 3558 justitia,
443 3456 528 3541 ite]
556 3460 636 3555 :Qui
660 3452 833 3550 confidit,
866 3456 966 3548 quod
982 3456 1019 3528 in
1043 3450 1219 3548 spiritu&
1241 3453 1338 3548 veri·

271 3573 373 3648 tate,-
396 3557 522 3631 &non
543 3558 692 3654 amplius
707 3558 746 3631 in
768 3552 881 3650 figura
900 3558 1023 3630 Deum
1041 3550 1359 3644 adoret‚.dicere¹

271 3657 438 3753 poterit:
470 3659 612 3732 Auribus
631 3663 753 3756 percipe
776 3659 1021 3754 deprecationem
1038 3657 1136 3728 meam
1151 3656 1191 3723 in
1213 3658 1338 3733 verita·

272 3774 305 3832 te
323 3773 394 3837 tua.

354 3855 404 3931 Et
428 3881 495 3930 non
516 3862 621 3929 intres
643 3862 681 3929 in
700 3858 858 3956 judicium
876 3880 944 3926 cum
960 3855 1055 3944 seret
1073 3868 1148 3931 tuo,
1172 3853 1338 3947 quianon

266 3956 496 4058 jussiflcabitur
512 3963 551 4031 in
567 3958 726 4057 conspeiiu
749 3975 804 4031 tuo
825 3960 1076 4044 omnivivens,
1102 3946 1186 4030 ite]
1214 3953 1338 4125 (pluan-

344 4105 350 4112 -
434 4077 446 4086 ··
761 4055 802 4132 li
829 4079 850 4131 α
1261 4070 1293 4124 o·
