3242 4609
407 261 1152 420 *suntcrnru'esu'tuos
1259 322 1331 412 483
1375 283 1385 388 i

268 422 420 555 nitatem
432 475 481 551 lic
496 473 744 571 appellantur,
763 462 857 549 ‘tales
875 439 946 548 elle
964 445 1029 568 per
1043 472 1239 550 divinitatis
1252 427 1332 572 ¹parf
1365 473 1388 487 ''

271 578 530 671 ticipationem.
582 575 750 650 Salvator
772 590 984 650 autemnon
1007 594 1073 670 per
1087 575 1345 670 participatio-¹

270 696 378 770 netu,
402 674 461 749 sed
477 675 669 750 secundum
687 673 868 749 essentiam
885 671 984 754 Deus
1004 675 1064 749 est.
1099 674 1216 749 Porro
1229 674 1331 770 illud,

268 781 431 871 ,Quoniam
449 781 486 848 in
498 775 641 864 seculum
662 777 869 866 misericordia
887 779 975 871 ejus,
1007 796 1072 868 per
1092 776 1240 849 modum
1258 776 1332 848 lau·

269 872 426 949 dationis
441 871 620 967 adjicitur.¹
653 873 744 948 Cum
758 872 851 948 enim
863 873 1002 968 semper
1018 874 1242 967 misereatur,
1259 897 1332 949 me·
1398 880 1401 893 '

271 975 346 1048 rito
363 975 608 1048 collaudantes
623 976 722 1047 aiunt
736 996 746 1048 t
758 979 761 998 '
773 979 934 1068 Quoniam
953 980 989 1044 iu
1002 978 1167 1063 seculum,
1195 974 1260 1050 sse.
1292 1034 1295 1037 .
1355 994 1368 1054 ’ᾗ
1407 977 1414 994 ’

346 1078 417 1169 Qui
425 1074 508 1168 fecit
522 1073 681 1146 mirabilia
692 1074 905 1168 magnufirlus,
921 1071 1004 1156 sse]
1024 1072 1204 1155 Ostendit,
1218 1071 1332 1166 ipsum

266 1189 447 1269 perpetuo
464 1173 914 1266 benefacere‚&mirabilia
924 1171 1077 1267 operari.
1092 1169 1227 1245 Ethaec
1241 1176 1332 1263 duo,

268 1276 339 1347 tria
356 1275 389 1346 ἃ
406 1289 561 1364 quatuor
576 1275 638 1367 ipsi
652 1275 799 1366 propria
819 1275 947 1366 ponit,
965 1273 1064 1364 quod
1083 1269 1212 1365 saciat,
1230 1274 1331 1363 quod

237 1417 240 1422 -
267 1371 470 1467 mirabilia,
508 1372 608 1465 quod
624 1371 795 1446 mirabilia
815 1391 970 1469 magna,
998 1370 1147 1463 &quod
1165 1368 1261 1444 solus
1281 1373 1332 1446 fa·

271 1476 354 1548 ciat.
387 1467 492 1546 'Haec
513 1488 631 1545 aretem
646 1472 757 1565 dixit,
783 1491 860 1546 non
881 1485 923 1542 ut
937 1468 1048 1543 filium
1068 1468 1330 1565 vilipenderet,

268 1571 330 1647 sed
344 1585 385 1644 ut
403 1567 587 1645 discrimen
599 1573 692 1644 inter
704 1590 783 1643 eum
800 1568 833 1643 o
848 1570 1027 1643 demones
1042 1572 1254 1646 collocaret.
1281 1569 1332 1645 Et

271 1690 431 1765 quaenam
450 1671 530 1743 sunt
549 1668 834 1763 necessitatum,
870 1689 947 1764 quae
965 1669 1059 1743 solus
1079 1664 1193 1743 facit?
1221 1669 1331 1744 Certe
1420 1703 1422 1706 ·

267 1769 307 1845 in
324 1770 500 1865 principio
516 1764 636 1865 psalmi
660 1787 736 1842 non
759 1769 803 1843 de
823 1770 988 1864 potentia
1008 1769 1245 1861 loquebatur,
1270 1769 1332 1844 sed
1411 1803 1413 1808 ·

268 1868 315 1945 de
333 1869 509 1944 bonitate.
563 1870 774 1969 ¹Quomodo
797 1888 885 1966 ergo
907 1866 1037 1942 accidit
1047 1895 1063 1966 ,⁸
1085 1886 1128 1942 ut
1143 1867 1215 1962 jam
1234 1872 1332 1943 deiu-

258 1986 356 2061 'ceps
378 1967 546 2059 loquatur
557 1969 608 2048 de
624 1969 818 2059 potentia?
846 1972 941 2067 Quia
956 1972 1120 2041 nimirum
1137 1968 1213 2041 haec
1227 1970 1338 2054 mira·x

271 2068 353 2141 cula
369 2084 445 2139 non
463 2062 576 2142 solum
593 2062 673 2139 sunt
690 2070 884 2161 potentie,
909 2063 969 2140 sed
986 2069 1092 2140 etiarn
1107 2068 1332 2143 bonitatis&
1390 2093 1393 2099 ·

257 2165 510 2263 “benignitatis
666 2248 668 2251 ,

348 2268 578 2357 Quifirmouit
596 2279 715 2337 terram
733 2264 825 2361 super
839 2289 960 2363 aquas,
985 2260 1068 2345 esu]
1095 2259 1130 2337 si
1150 2283 1248 2356 aquae
1263 2261 1332 2358 suh
1401 2321 1404 2334 .

270 2363 465 2441 cimentum
482 2364 533 2439 est
553 2376 669 2458 terra,
696 2363 884 2458 quomodo
906 2376 1003 2438 terra
1024 2365 1127 2460 super
1150 2386 1256 2456 aquas
1273 2362 1333 2437 fir·

269 2480 365 2543 mata
392 2460 477 2539 est?
511 2466 713 2559 Quomodo
735 2462 840 2538 etiam
860 2463 931 2559 Job
954 2482 1082 2538 verum
1103 2461 1215 2557 dicit,
1250 2484 1333 2543 cum

270 2568 352 2654 altrr
367 2564 437 2657 Qui
453 2567 602 2662 appendit
624 2581 742 2635 terram
765 2568 855 2660 super
874 2559 1040 2635 nihilum?
1065 2561 1135 2662 Sed
1152 2565 1258 2656 vide,
1285 2585 1332 2638 ne

268 2663 369 2742 forte
387 2676 503 2757 terra,
528 2682 605 2756 quar
625 2663 675 2737 est
691 2661 783 2737 iufra
801 2659 981 2757 abyssum,
1008 2656 1214 2759 appensa-fit
1229 2660 1333 2758 super

268 2765 441 2854 nihilum3
473 2783 515 2837 ea
538 2778 682 2856 autem,
703 2784 787 2856 quae
812 2764 863 2836 est
882 2757 984 2855 supra
1007 2761 1186 2855 abyssum,
1213 2775 1355 2856 terra,l

271 2863 363 2939 &in
391 2861 587 2957 quaetiam
613 2882 681 2936 nos
711 2860 932 2953 habitamus,
963 2863 1065 2955 sirper
1089 2861 1246 2954 abyssum
1273 2858 1333 2935 fir·

268 2976 365 3039 mata
379 2962 440 3037 sit:
465 2961 536 3055 ita,
562 2977 604 3034 ut
623 2960 762 3055 abyssus
785 2960 822 3035 in
842 2960 961 3036 medio
980 2977 1084 3035 terra
1101 2960 1336 3072 contineatur¹
1389 2963 1404 3048 J

228 3147 239 3169 =
271 3078 440 3153 tauquam
457 3062 494 3134 in
512 3059 605 3135 vase.
655 3058 705 3135 Et
725 3062 801 3137 haet
823 3060 964 3152 quidem
986 3060 1105 3153 siquis
1126 3080 1206 3135 cum
1223 3060 1333 3134 histo·
1422 3141 1424 3146 ,

269 3163 324 3235 ria
344 3157 511 3233 conferre
533 3164 703 3236 voluerit.
754 3158 816 3234 Ad
838 3161 1028 3254 spiritaiem
1055 3175 1172 3233 autem
1196 3157 1333 3248 sensum

271 3259 371 3356 quod
391 3258 546 3351 adtinet,
574 3257 797 3357 glorificate,
822 3258 958 3354 inquit,
986 3280 1087 3340 eum,
1114 3256 1334 3350 quitatione

267 3361 452 3459 preditam
481 3372 641 3434 naturam
667 3359 768 3454 super
789 3378 913 3435 reram
941 3360 1189 3456 cognitionem
1218 3355 1334 3454 firrua·

268 3460 338 3538 vit.
389 3456 433 3533 In
450 3456 657 3555 Evangeliis
686 3479 777 3535 vero
796 3472 902 3534 terrae
927 3460 1074 3532 nomine
1099 3456 1331 3532 rationabiles

270 3560 405 3642 animas
426 3560 620 3653 appellari,
658 3559 834 3653 &aquam
854 3582 874 3644 a
893 3559 1055 3631 Domino
1078 3549 1260 3636 scientiam
1283 3554 1333 3654 ᾁῑ-
1372 3590 1374 3594 ·

269 3661 325 3754 ci,
350 3679 371 3733 e
388 3655 540 3752 semine,
568 3658 666 3753 quod
684 3659 871 3733 interram
890 3659 1023 3733 bonam
1044 3655 1197 3751 cecidit,
1225 3653 1334 3731 disce·

269 3779 311 3835 re
331 3756 404 3850 est,
432 3755 465 3831 br
485 3778 530 3833 ex
546 3755 692 3833 flumine
715 3780 814 3851 aquae
830 3759 945 3853 vive,
971 3758 1016 3832 de
1034 3765 1165 3833 ventre
1186 3754 1334 3830 ereden-

267 3855 483 3935 tisfluente.
534 3856 687 3951 Reliqua
702 3862 808 3933 etiam
823 3856 926 3953 hujus
940 3855 1061 3953 psalmi
1073 3856 1157 3931 huic
1171 3852 1333 3929 secunde
1416 3851 1430 3917 .“

267 3957 487 4059 sepontium
517 3960 775 4137 conveniuntil
787 3955 975 4136 hLuna&
1002 3956 1109 4035 stelle
1133 3953 1355 4129 wulfinum

293 4096 301 4111 ’
369 4071 403 4116 ·1'
837 4076 858 4132 a
1216 4072 1326 4128 aue*
1376 4099 1380 4108 t
