3242 4609
242 345 249 354 „
364 309 389 390 ε
542 245 584 366 ’.
636 291 730 374 nx
782 288 1156 374 ουρ-ειη

366 421 537 541 otiando
554 459 714 536 oleribus
727 458 919 533 herbarum
932 456 1161 555 intelligenda
1174 454 1275 550 sunt,
1301 457 1431 553 quibus

369 559 698 686 consuantur-hi,
715 561 773 651 qui
787 558 925 633 faciunt
935 559 1157 652 iniquitatem
1170 577 1240 651 pro
1249 580 1311 652 eo,
1333 559 1434 650 quod

365 662 553 737 velociter
572 658 765 738 transeant.
824 659 1032 733 Invenimus
1055 671 1175 731 tamen
1195 659 1232 731 in
1252 657 1433 752 scripturis

186 747 191 776 ¹
316 807 319 814 -
368 753 503 838 divinis'
514 758 694 834 interdum
712 759 744 832 dr
759 759 946 833 laudabilia
958 761 1081 850 olera,
1109 779 1186 848 quae
1197 779 1261 849 per
1278 778 1436 855 praecep·

368 857 869 951 tunnpostolinanducare
885 859 1058 953 jubentur
1077 855 1219 932 infirmi.
1269 857 1353 931 Alia
1376 879 1436 932 au·

366 976 444 1037 tem
467 959 547 1032 funt
571 958 655 1047 iila,
689 959 721 1030 dr
745 960 798 1032 his
824 960 1035 1051 contraria,
1069 957 1259 1047 dequibus
1278 956 1433 1054 dicitur,

368 1060 470 1156 quod
487 1059 631 1133 flumina
647 1056 797 1155 AEgypti
812 1080 902 1150 aqua
911 1059 954 1131 fit
967 1055 1131 1132 deorsum
1145 1054 1385 1153 descendens,
1401 1059 1436 1134 dt

316 1192 321 1210 ·
367 1162 489 1258 rigans
506 1157 596 1231 sicut
610 1158 758 1233 hortum
778 1160 938 1231 oierurna
964 1178 1038 1250 quo
1052 1157 1224 1231 videlicet
1240 1155 1436 1253 AEgyptius

368 1278 450 1338 non
471 1260 583 1331 arbor
597 1258 763 1351 dicatur,
795 1256 855 1332 sed
873 1258 1025 1353 nevitis
1043 1256 1183 1350 quidem
1207 1259 1436 1348 nominetur,

200 1399 203 1406 ·
283 1425 288 1434 ,
371 1356 435 1439 sed
449 1360 572 1451 olera,
594 1379 672 1448 quae
685 1353 761 1431 cito
781 1356 965 1432 deficiunt.
1013 1353 1063 1428 Et
1079 1357 1136 1428 vis
1153 1354 1300 1448 videre,
1331 1377 1437 1448 quam

370 1461 450 1533 cito
461 1455 656 1554 AEgyptius
673 1456 844 1531 decidat?
870 1458 990 1547 Vide,
1018 1456 1256 1572 quidsdicatur
1271 1454 1317 1529 de
1333 1458 1383 1529 eis
1402 1458 1439 1533 in

369 1555 528 1638 Exodo:
562 1554 727 1652 AEgyptii
754 1573 874 1632 autem
899 1556 1179 1649 festinaverunt,
1214 1555 1362 1648 inquit,
1377 1556 1438 1631 de·

371 1645 640 1752 colligaverunt
662 1677 746 1729 axes
769 1655 874 1749 suos,
910 1656 944 1731 dc
967 1658 1044 1729 cito
1063 1656 1231 1751 fugerunt
1250 1653 1312 1728 sub
1334 1676 1437 1750 aqua.

369 1753 475 1832 Sicut
498 1757 599 1828 olera
619 1775 707 1854 ergo
731 1756 920 1830 herbarum
944 1756 1020 1829 cito
1040 1756 1220 1832 decident.
1268 1754 1438 1847 Denique

371 1853 410 1931 dt
443 1853 571 1928 Achab
597 1855 658 1929 iiie
691 1856 832 1946 iniquus
858 1857 1027 1947 quoniam
1053 1856 1137 1929 talia
1163 1858 1264 1928 olera
1288 1857 1438 1948 parabat

247 2021 250 2029 .
281 2021 289 2030 .
399 1954 589 2042 iantarein
607 1954 1142 2049 vineaNabothIezraheiitae,
1168 1967 1320 2049 propter
1337 1955 1439 2048 quod

217 2051 225 2068 ⁸
368 1975 592 2134 Kabutheus
611 2055 721 2149 rnagis
743 2057 838 2129 mori
856 2057 989 2152 elegit,
1016 2075 1120 2147 quana
1139 2055 1383 2149 permittere„
1396 2067 1440 2129 ut

300 2223 307 2230 .
372 2150 493 2229 excisa
505 2154 613 2226 vinea
624 2154 815 2230 lsraeiitica
831 2158 932 2229 olera
945 2157 1202 2251 plantarentur.
1229 2152 1332 2228 Fecit
1349 2175 1439 2251 ergo

370 2253 449 2332 hoc
472 2266 639 2344 tanquam
660 2252 806 2349 justus,
840 2269 883 2331 ut
904 2276 981 2331 non
1002 2256 1228 2347 permitteret
1247 2254 1363 2327 excidi
1387 2257 1442 2330 vi-

371 2369 481 2444 neam
505 2352 686 2445 iustitiae,
705 2356 807 2447 cuius
830 2354 965 2428 fructus
992 2351 1150 2430 Iaetiticat
1170 2372 1237 2427 cor
1260 2356 1441 2449 hominis,

373 2471 457 2527 curn
475 2453 513 2525 in
535 2452 713 2545 sapientia
736 2469 875 2530 cratere
895 2454 1085 2547 miscetur,
1112 2451 1319 2546 &plantari
1337 2457 1441 2529 olera

212 2553 217 2567 '
373 2552 587 2645 iniquitatis,
608 2554 788 2646 velociter
801 2556 1013 2648 viridantia,
1031 2554 1090 2627 sed
1103 2555 1268 2627 velocius
1282 2551 1441 2628 arescen⁴

373 2654 438 2728 tia.
463 2651 560 2726 Puto
579 2672 690 2748 ergo,
715 2655 815 2744 quod
837 2657 943 2729 etiam
961 2655 998 2726 in
1014 2652 1145 2727 nostris
1159 2652 1352 2746 cordibus,
1379 2653 1441 2747 qui

211 2755 217 2794 ‘
374 2750 556 2826 credimur
576 2751 785 2843 salvatori,
810 2752 854 2826 sit
872 2755 989 2842 aliqua
1013 2756 1120 2827 vinea
1137 2754 1319 2847 plantata,
1351 2753 1443 2828 ficut

374 2849 488 2926 dixit:
522 2853 626 2922 Vinea
636 2849 730 2942 salio
745 2848 908 2950 fidiiefio
926 2858 963 2923 in
980 2877 1098 2938 cornu,
1125 2859 1161 2924 ἐπ
1176 2856 1238 2923 loco
1248 2853 1343 2923 uberi.
1370 2853 1442 2928 Sed

375 2948 413 3024 u
442 2948 487 3023 ad
512 2949 596 3023 iilos
621 2947 752 3024 ditium
771 2949 848 3045 est,
875 2954 1003 3046 quibus
1028 2953 1143 3027 sermo
1163 2952 1234 3027 Dei
1254 2950 1366 3026 iatius
1391 2952 1445 3029 est

372 3048 553 3150 primum,
580 3050 663 3141 quia
679 3075 729 3143 rgo
738 3053 896 3149 plantavi
913 3059 1084 3126 revincam
1099 3070 1196 3123 rotam
1203 3052 1353 3144 feracem.
1381 3050 1445 3130 Est

373 3167 467 3245 ergo
483 3149 591 3222 nobis
610 3151 719 3223 vinea
738 3153 920 3247 quaedun,
948 3174 993 3226 ex
1010 3175 1079 3245 qua
1097 3152 1247 3228 frudun
1267 3150 1443 3248 scientie,

375 3248 438 3341 qui
454 3242 697 3330 letificatmr
717 3251 897 3343 hominis,
923 3273 988 3345 per
1011 3255 1146 3327 donum
1168 3250 1346 3347 sapientiae
1362 3271 1442 3344 pre·

261 3345 267 3352 ’
373 3346 505 3424 suimus
528 3348 566 3420 in
591 3351 832 3426 torcularibus
857 3349 1127 3446 scripturarum,
1154 3371 1234 3427 curn
1250 3351 1443 3443 perfectius

280 3466 283 3474 ’
376 3445 413 3522 dt
427 3446 532 3520 latius
548 3446 670 3521 divim
685 3450 774 3547 legis
788 3450 955 3544 mysteria
971 3465 1199 3537 contuemur.
1246 3451 1317 3526 Sed
1331 3450 1442 3545 profi·

377 3544 556 3620 cientibus
571 3548 679 3622 nobis
696 3549 734 3623 in
754 3551 808 3624 his
829 3549 981 3645 studiis,
998 3551 1033 3626 u
1052 3548 1245 3624 israelitico
1266 3552 1377 3625 oculo
1399 3549 1443 3625 ad

378 3647 527 3721 oculum
548 3644 739 3741 spiritalem
752 3650 1009 3743 tendentibus,
1035 3652 1139 3724 ve'nit
1157 3648 1286 3724 Achab
1301 3653 1442 3742 iniquus

378 3744 414 3821 dr
437 3747 591 3839 impios,
616 3745 745 3822 Achab
762 3749 926 3823 inimicus
949 3751 1065 3823 vincae
1085 3747 1236 3842 nostrae,
1263 3749 1445 3823 &advor-

376 3844 453 3922 sum
475 3846 612 3940 optima
633 3844 749 3922 studia
770 3848 848 3944 buc
870 3847 1047 3943 sapientiae
1069 3848 1238 3924 invidiam
1261 3854 1444 3945 concitat,

376 3947 818 4050 tumultunrcourmov'et‚
835 3947 964 4056 dolos,
980 3946 1270 4047 &fadiooespet
1281 3951 1444 4126 Jelaabol,

1344 4070 1392 4127 oc
