3242 4609
271 411 323 490 ro
536 379 630 466 llx
678 371 1058 462 ortlou'mt

273 551 483 646 explanem,
509 543 675 644 dogmata
691 566 819 622 corum
837 545 946 648 impia
964 543 999 618 &
1020 541 1143 636 iniqua¹
1159 541 1233 636 iam
1249 563 1332 622 non

272 663 392 727 erunt.
441 643 491 720 Et
507 647 559 722 ita
583 647 852 741 complebitur,
885 657 928 720 ut
944 643 1121 718 exaltatur
1139 643 1276 737 impius
1295 645 1332 720 dt

273 751 391 827 elatua
414 767 474 823 ure
499 759 709 820 transeunte
737 745 913 842 jamnon
945 743 1000 820 srt.
1048 740 1119 816 Sed
1152 741 1207 837 u,
1244 761 1333 820 curn

273 847 445 938 quuritur
464 847 570 930 locus
594 845 695 940 ujus,
728 864 807 920 nou
827 844 1024 922 invenitur.
1073 839 1204 916 -Locut
1228 841 1333 939 impii

270 947 472 1042 dogmatis,
496 945 600 1018 litera
619 945 705 1040 legio
721 942 793 1038 est,
819 965 899 1035 quae
916 945 1022 1017 litera'
1038 939 1190 1026 occidit
1235 937 1333 1038 Cum

271 1039 1333 1238 ltili“ililii‘lliilllllilglilldl·

271 1243 368 1318 diata
384 1242 487 1316 litera
510 1239 630 1336 potest
651 1244 818 1342 inveniri.
869 1221 1073 1338 Quomodo
1093 1251 1213 1315 autem
1236 1259 1332 1332 que·

270 1345 381 1438 rimtu
400 1339 511 1418 euml
544 1337 635 1415 Cum
655 1340 872 1435 disputamus
892 1338 1060 1416 adversus
1081 1359 1168 1432 eor,
1194 1337 1332 1416 &cunr

271 1441 519 1533 conquirimus
538 1438 773 1534 adinvicem,
799 1456 888 1520 tunt
902 1441 1091 1533 querimur
1105 1441 1228 1515 locum
1245 1437 1295 1512 do
1318 1476 1333 1499 ·

270 1539 376 1618 matis
396 1541 489 1613 illius
506 1539 541 1610 in
559 1540 660 1623 litera
682 1541 769 1636 legia
795 1537 973 1620 historie,
1000 1533 1256 1615 &ostenditur
1281 1459 1335 1614 s}-

271 1640 432 1714 cundum
457 1635 639 1713 historiam
659 1635 751 1715 stare
776 1659 853 1716 non
878 1637 1002 1738 polle:
1028 1649 1149 1718 amota
1164 1637 1268 1712 litera
1289 1655 1334 1712 ac

270 1733 425 1830 rejecta,
450 1757 626 1832 nusquam
647 1741 774 1832 utique
794 1739 1040 1828 querentibus
1059 1738 1186 1823 nobit,
1211 1735 1244 1812 n
1268 1733 1334 1814 dis·

271 1831 473 1918 serentibus
491 1837 598 1912 locus
619 1838 717 1933 impii
731 1837 908 1936 dogmatis
926 1838 1124 1914 invenitur.

345 1938 379 2011 6.
401 1937 529 2034 caldor·
556 1943 771 2012 innocentiam
794 1941 834 2018 (5
858 1940 932 2011 vr'dt
954 1947 1145 2036 equitatem.
1206 1929 1337 2010 Custo-

273 2033 351 2110 dire
374 2036 621 2112 innocentiam
639 2057 709 2113 nor
733 2039 907 2134 precepit
922 2034 1040 2113 sermo
1058 2033 1143 2113 Dei.
1193 2031 1338 2109 intau-

273 2146 353 2212 tum
380 2135 590 2228 corruptela
613 2153 756 2214 morum
780 2135 939 2235 profecit
962 2138 1000 2212 in
1019 2134 1256 2226 hominibus,
1293 2143 1339 2209 nt

188 2297 191 2312 ι
275 2230 372 2330 apud
392 2235 674 2331 quamplurimoa
699 2237 913 2313 innocentia
941 2257 1009 2332 pro
1030 2233 1178 2310 stultitia
1197 2232 1339 2326 iudice·

275 2344 355 2410 tur:
380 2351 508 2409 verum
540 2331 713 2433 scriptura
741 2336 882 2413 summe
915 2335 989 2413 hoc
1023 2335 1168 2410 virtutis
1197 2331 1340 2426 judicat

274 2437 390 2526 opus,
416 2433 498 2525 quia
521 2436 770 2511 innocentiam
786 2435 927 2534 judicat
948 2436 1068 2527 illam,
1094 2455 1173 2524 ouae
1198 2431 1337 2507 nemini

275 2543 440 2625 noceat,
464 2535 647 2612 neminem
668 2537 784 2615 laedat.
834 2527 932 2633 Dum
953 2554 1040 2629 ergo
1068 2531 1179 2606 dicit:
1216 2531 1340 2630 Custodi

274 2635 513 2732 inruentium,
549 2633 624 2708 hoe
648 2633 722 2731 etl,
752 2635 853 2730 quod
882 2655 951 2708 nos
972 2633 1113 2708 servare
1140 2633 1337 2728 precepit,

273 2742 319 2807 ut
331 2732 514 2810 neminem
535 2731 731 2826 ludamus,
754 2733 891 2808 nemini
907 2752 1117 2810 noceamus.
1168 2729 1254 2806 Hoc
1272 2751 1337 2805 ru-

274 2839 350 2903 tem
374 2829 606 2918 obtinemus,
639 2831 664 2906 fi
685 2828 823 2930 semper
846 2835 992 2907 intento
1014 2833 1161 2922 animo,
1189 2829 1224 2903 u
1248 2829 1338 2934 vigi·

274 2927 363 3004 lanti
381 2927 571 3004 videamur¹
583 2930 798 3026 equitatem
857 2927 1079 3024 AEquitatem
1099 2950 1187 3026 ergo
1208 2931 1245 3003 in
1262 2929 1337 3024 hoo

274 3029 364 3102 loco
390 3024 438 3100 stc
468 3025 631 3125 accipio,
657 3027 749 3106 sicut
780 3031 1001 3121 veritatem,
1026 3028 1117 3105 licut
1141 3026 1338 3126 justitiam,

275 3123 368 3204 stent
388 3124 501 3200 vitam
552 3128 652 3222 quod
669 3127 829 3208 Christus
845 3125 909 3210 est.
948 3128 1038 3206 Hec
1057 3129 1153 3203 enim
1174 3127 1337 3202 videndo

275 3217 379 3302 stmul
403 3179 650 3305 etiarffDeum
669 3229 885 3307 videbimur.
947 3228 1070 3332 cufiod
1085 3249 1172 3326 ergo
1189 3232 1339 3301 innmn·

277 3327 380 3418 liam,
406 3327 444 3403 θ
460 3327 534 3409 arida
556 3334 758 3428 equitatem,
784 3334 935 3428 quoniam
954 3335 1036 3424 juni
1057 3330 1197 3427 reliquia
1214 3327 1339 3399 homini

272 3425 412 3524 paciy‘rm
461 3423 649 3520 Requiro,
672 3447 751 3522 quo
771 3428 853 3505 sunt
873 3430 1031 3522 reliquie
1049 3427 1143 3510 istae,
1177 3448 1256 3520 quc
1272 3427 1342 3502 ho·

277 3523 367 3598 mini
382 3519 538 3620 pacifico
555 3526 807 3605 reservantur?
836 3529 1019 3624 Reliquias
1034 3527 1154 3604 dicere
1167 3527 1339 3611 solemur,

280 3641 362 3699 eum
378 3623 521 3716 spiritur
535 3625 750 3722 separatura
774 3648 960 3726 corpore,
984 3629 1089 3718 velut
1103 3628 1239 3723 majore
1258 3645 1340 3720 par·

278 3731 319 3797 te
341 3723 529 3799 hominum
549 3728 587 3802 in
607 3724 731 3824 spiritu
754 3733 955 3824 deputata,
982 3747 1061 3820 quae
1084 3721 1240 3824 superest
1259 3745 1341 3821 para

282 3825 476 3916 corporis,
509 3829 668 3919 reliquie
689 3829 937 3908 nominantur.
996 3823 1033 3902 Si
1056 3847 1143 3926 ergo
1161 3824 1342 3900 credimur

281 3923 408 4002 verbis
429 3922 602 4024 Apostoli
624 3925 778 4006 decutit
792 3971 808 4018 ‚,
844 3932 928 4028 quia
943 3930 1125 4024 sentinatur
1148 3929 1345 4020 corpuain

1165 4045 1293 4126 corrup·
