3242 4609
297 309 306 318 .
412 198 1116 395 sarncratna'snimoe.
1241 289 1376 372 rr*

228 417 384 514 pmnem'
393 425 658 504 infirmitatem:
689 425 850 523 discipuli
873 447 967 504 vero
984 429 1061 524 ejus
1079 403 1217 526 i’etru'r¹
1231 426 1294 508 vel

225 533 386 622 Paulus,
411 527 472 602 sed
487 529 521 602 dc
536 527 875 623 Prophetaemedici
900 527 1004 623 sunt,
1030 529 1065 604 dt
1085 529 1124 605 hi
1143 525 1292 626 umnec,

229 632 295 725 qui
309 628 389 726 post
402 625 655 722 Apostolosin
669 625 828 704 Ecclefia
845 624 950 722 positi
964 625 1065 719 sunt,
1091 630 1293 724 quibusque

229 728 471 804 curandorum
492 729 682 802 vulnerum
697 725 879 822 disciplina
902 725 1084 807 commissa
1100 727 1172 824 est,
1197 749 1293 824 quac

230 830 353 904 voluit
377 829 531 901 Deuain
554 827 701 920 ecclesia
717 825 777 902 sua
800 823 871 922 else
891 826 1053 902 medicos
1076 831 1293 926 animarum,
1425 827 1428 853 ·'

230 930 314 1022 quia
334 947 411 1001 non
433 928 515 1000 vult
538 925 637 1001 Deus
663 925 785 1001 noster
805 943 961 1002 mortem
980 930 1205 1023 peccatoris,
1222 928 1293 1005 sed

230 1027 478 1125 poenitentiam
494 1026 745 1101 &orationem
765 1026 842 1119 ejus
853 1022 1046 1119 exspediat.
1095 1026 1239 1104 Deinde
1257 1027 1293 1103 dt
1312 1031 1315 1039 '

229 1128 296 1202 iste
313 1125 484 1221 psalmus,
511 1126 570 1219 qui
587 1135 685 1201 nunc
699 1123 810 1200 leiius
827 1125 896 1220 est,
919 1127 1027 1200 nobis
1043 1122 1225 1224 ostendit,
1249 1142 1294 1204 ut

230 1225 570 1318 fifortealiquando
585 1227 824 1320 prevenimur
834 1226 872 1298 in
885 1221 1040 1313 deluis,
1057 1226 1209 1318 qualiter
1221 1247 1293 1304 not

233 1326 364 1401 &cum
380 1345 453 1418 quo
472 1322 602 1400 affeetu
615 1345 719 1400 orare
737 1337 929 1420 oporteat,
948 1324 990 1399 'dt
1006 1325 1149 1400 medico
1164 1323 1294 1421 suppli·

208 1446 317 1504 ¹carc
333 1444 416 1520 pro
448 1424 635 1499 doloribus
671 1426 733 1499 vel
764 1422 1030 1502 infirmitatibus
1061 1423 1205 1501 nostrin
1254 1423 1295 1501 Si

233 1526 382 1620 quando
398 1543 485 1622 ergo
500 1526 812 1619 praeoccupaverit
826 1542 895 1598 noc
911 1523 1096 1619 inimicus,
1120 1523 1155 1600 u
1172 1525 1292 1624 ignitis
1333 1547 1338 1564 ‘

230 1626 356 1720 jaculis
373 1621 441 1698 suis
456 1624 704 1702 vulneraverit
717 1622 867 1700 animam
883 1621 1063 1719 nostram,
1073 1707 1077 1718 ,
1088 1624 1205 1718 primo
1217 1624 1295 1702 hoc

234 1745 303 1799 noa
328 1723 442 1797 docet
459 1724 518 1797 hic
538 1722 710 1818 psalmus,
736 1722 835 1818 quod
861 1725 1038 1798 convenit
1060 1720 1143 1818 poll
1165 1745 1294 1819 pecca·
1335 1811 1339 1818 .

233 1838 310 1900 tum
333 1820 500 1897 confiteri
520 1838 736 1919 peccatum,
770 1823 858 1897 &in
880 1823 1295 1916 memorianrecdrdari

234 1921 421 2014 delictum,
445 1937 487 1996 ut
499 1944 565 2017 per
576 1922 868 1998 recordationem
879 1919 1213 2016 culpaestimulatum
1226 1929 1294 2000 cor

187 2039 189 2100 3
234 2021 269 2096 tr
290 2023 514 2096 concitatum
531 2042 600 2117 pro
627 2022 758 2097 delidlo
780 2023 872 2117 suo,
904 2023 1049 2100 interim
1070 2020 1231 2098 refrenet
1250 2044 1293 2098 ac

234 2136 411 2216 revocet,
436 2142 485 2196 ne
505 2123 589 2212 quid
606 2123 676 2197 tale
690 2124 784 2195 ultra
799 2125 1024 2197 committat:
1049 2121 1294 2217 &propterea

234 2225 356 2316 puto',
391 2219 664 2318 superscriptum
690 2222 759 2296 elle
779 2220 891 2315 ipsum
915 2216 1112 2317 psalmum,
1151 2223 1293 2313 Psalmas
1392 2281 1427 2294 ,.

235 2323 349 2394 Dauid
374 2324 412 2391 in
435 2322 684 2395 recordationem.
735 2321 834 2420 Quid
854 2320 895 2394 stt
918 2336 1037 2398 autem
1054 2326 1092 2394 iu
1106 2324 1295 2398 renuatia-

233 2445 324 2508 mm,
349 2440 415 2514 per
430 2433 550 2494 totum
563 2419 667 2513 ipsius
680 2417 804 2514 psalmi
819 2439 951 2512 corpus
971 2433 1125 2498 enarrat.
1160 2421 1294 2497 Videa-

187 2583 188 2588 Ν
234 2541 311 2596 mus
327 2539 417 2616 ergo
432 2540 501 2593 nos
518 2540 643 2593 omnes
661 2532 898 2613 peccatores,
922 2519 947 2593 sl
966 2519 1005 2591 in
1020 2521 1141 2613 aliquo
1161 2521 1292 2596 denuo

190 2625 194 2634 “
233 2619 405 2694 fuerimus
425 2620 588 2712 inventi,
623 2622 685 2692 vel
706 2617 791 2711 quid
812 2617 955 2710 dicere,
982 2618 1045 2691 vel
1064 2617 1150 2710 quid
1166 2619 1293 2696 facere

233 2713 456 2811 delieamus,
488 2732 529 2791 ut
556 2738 637 2793 cum
658 2719 734 2794 haec
756 2717 796 2790 in
816 2712 988 2810 scriptura
1012 2715 1109 2790 sacra
1131 2717 1295 2798 didiceri-

234 2839 336 2913 mus,
365 2818 472 2890 etiam
488 2818 662 2894 medelam
673 2818 832 2892 vulneris
849 2813 962 2891 nostri
977 2813 1147 2910 consequi
1162 2839 1295 2894 merea·

231 2937 325 2994 mur.
375 2915 518 2992 Bonum
539 2917 680 3011 quidem
698 2932 775 3004 erat
790 2914 926 3009 semper
940 2935 1073 3012 corpus
1094 2913 1161 3011 (ut
1172 2919 1224 2992 itt
1243 2917 1294 2993 di·

235 3015 371 3114 aerim)
384 3018 507 3091 anime
518 3015 647 3091 nostre
659 3011 697 3091 in
716 3005 864 3090 sanitate
881 3015 1036 3109 durare,
1055 3014 1090 3090 dt
1106 3017 1210 3092 armis
1221 3015 1293 3092 Dei
1420 3043 1422 3052 ·

235 3115 492 3190 circumdatum
508 3117 553 3190 ab
565 3116 737 3192 omnibus
759 3115 841 3189 telis
859 3115 979 3213 ignitis
997 3115 1131 3191 diaboli
1149 3118 1294 3214 maligni
1323 3185 1325 3190 .

235 3215 499 3290 invulnerabile
521 3231 758 3310 permanere,
782 3215 913 3289 nullius
930 3216 1136 3313 languoris,
1161 3217 1292 3292 nullius

235 3315 1294 3515 idlllilllll‘lslill’ullllllili‘ldiil

234 3431 340 3609 iopen
358 3515 610 3611 negligentiam
631 3514 708 3611 sui,
735 3435 973 3607 atqueqanimi
993 3435 1156 3612 agruim
1175 3512 1293 3589 incur·

234 3614 590 3707 ”fiiinleccatum
608 3615 693 3707 quid
706 3615 818 3709 ipsum
832 3610 1090 3707 consequatur,
1111 3611 1292 3713 agnoscat.
1429 3634 1433 3643 ¹

235 3709 350 3812 Argui
369 3711 432 3786 vel
449 3714 581 3807 corripi
604 3714 655 3788 est
671 3713 811 3790 doloris
835 3733 959 3808 poena,
985 3715 1164 3789 cruciatu,
1185 3715 1220 3788 g,
1242 3716 1294 3802 it,
1431 3749 1432 3754 Ν

234 3815 355 3908 pavis
371 3811 442 3907 est,
467 3826 509 3887 ut
528 3805 634 3887 etiam
651 3814 712 3908 hi,
738 3812 800 3908 qui
812 3808 937 3887 fideles
951 3814 985 3887 dc
1001 3812 1157 3911 religiosi
1169 3812 1294 3888 viden·

235 3923 315 4008 tar,
340 3910 484 3988 tiforte
504 3926 545 3990 ut
567 3914 730 4016 homines
752 3912 942 4006 aliquando
958 3913 997 3990 iu
1018 3913 1149 4029 delidio
1170 3914 1291 4004 aliquo

1128 4031 1250 4092 meut-
