3242 4609
377 267 380 271 ’
451 211 1148 361 siettcr'nrurshauos.
1265 211 1337 386 an

261 446 348 522 litia
372 441 576 538 sauciatos,
598 441 637 518 -ic
661 438 899 540 intersetlos,
924 462 1079 537 quorum
1092 463 1182 521 ¹non
1203 447 1254 524 est
1270 471 1337 526 nu·

266 565 401 622 merus.

347 645 528 742 Suscipiens
545 643 723 733 monstretur
746 643 925 733 Dominus,
950 641 1245 718 humiliansauiem
1261 657 1337 749 pec:

264 761 388 817 catores
402 744 551 841 usquead
573 755 710 830 teriam,
736 738 824 837 sie]
858 744 1125 842 Quaerendum,
1150 748 1247 821 unde
1272 750 1337 824 hu·

260 845 386 922 'miliet
403 854 628 937 peccatores.
674 842 761 915 Hoc
777 856 896 921 autem
913 844 1045 940 docet,
1073 866 1152 917 cum
1172 849 1242 919 ait:
1277 853 1337 919 Us-

265 968 330 1043 que
346 946 386 1014 ai
404 961 534 1014 terram.
583 941 633 1014 Et
652 942 757 1031 vide,
790 963 838 1015 ne
852 940 1036 1035 humiliet,
1069 963 1149 1018 cum
1164 945 1203 1017 in
1224 963 1340 1021 terre·-

267 1063 324 1119 no
339 1041 547 1116 humilitatis
561 1043 901 1135 corporecollocat.
954 1041 1106 1136 Suscipit
1120 1044 1336 1139 igiturman·

268 1139 425 1235 suetos,
463 1161 554 1233 quos
577 1146 675 1234 prius
693 1142 956 1218 humiliaverat.
1015 1142 1189 1217 Humiliat
1215 1162 1336 1224 autern
1373 1225 1380 1239 s

268 1261 386 1333 usque
413 1239 457 1314 ad
479 1253 609 1315 terram
632 1255 868 1335 peccatores,
895 1244 955 1334 qui
979 1254 1064 1315 ante
1085 1256 1275 1335 peccatum
1296 1249 1335 1322 in

266 1337 414 1416 excelso
436 1353 549 1414 erant.

348 1443 421 1534 Qui
434 1445 535 1534 operit
549 1436 655 1510 celum
669 1439 825 1527 nubibus,
851 1440 936 1531 ξφα]
962 1438 1099 1514 Coelum
1117 1440 1151 1512 ἃ
1169 1460 1226 1513 res
1243 1441 1335 1515 divi·

270 1541 396 1617 niores
425 1540 687 1632 cooperiuntur
719 1538 1046 1615 &absconduntur
1072 1541 1253 1637 nubibus,
1289 1543 1335 1623 ad

268 1660 357 1733 quas
375 1639 509 1711 veritas
531 1640 714 1735 pertingit.

490 1833 865 1912 PSALMUS
916 1836 1096 1917 CXLVII.
1139 1854 1141 1856 ’

270 1936 491 2117 Quoniam
522 1937 724 2029 confortavit
746 1941 835 2030 seras
864 1956 1030 2036 portarum
1056 1959 1211 2030 tuarum,
1236 1938 1332 2037 sse]

389 2037 579 2112 Portarum
598 2035 788 2132 Jerusalem
815 2038 961 2130 velles,
989 2042 1042 2114 uti
1069 2042 1246 2133 arbitror,
1274 2042 1335 2134 qui

266 2139 473 2215 aDomino
500 2138 758 2231 continentur,
785 2137 865 2211 sunt
882 2141 1068 2233 rationes,
1094 2160 1173 2231 quae
1193 2138 1335 2234 perspe-

266 2237 359 2314 stam
378 2240 411 2310 or
433 2235 723 2329 comprehensam
739 2249 912 2330 potenter
935 2238 1107 2312 exhibent
1128 2242 1335 2315 veritatem.

288 2383 291 2388 -
351 2339 536 2435 Ejusdem]
569 2335 702 2410 Veiles
718 2337 860 2429 quidem
876 2335 1066 2431 Jerusalem
1087 2337 1169 2410 sunt
1189 2338 1337 2426 attrices

267 2436 451 2530 virtutes,
478 2457 556 2536 quae
575 2436 694 2509 hostes
715 2437 869 2509 introitu
886 2436 1105 2530 prohibent3
1132 2436 1251 2510 Sionis
1274 2455 1339 2514 ve·

269 2555 320 2612 ro
351 2536 434 2609 serae
462 2536 542 2614 suot
566 2535 717 2609 coelestia
741 2536 936 2631 dogmata,
969 2540 1005 2609 δι
1029 2534 1125 2610 reela
1145 2534 1233 2610 fides
1253 2537 1340 2610 ado·

271 2639 394 2712 randae
419 2632 596 2708 usanoae
616 2631 844 2729 Trinitatis,
866 2635 1035 2727 siquidem
1054 2636 1242 2724 Jerusalem
1267 2639 1343 2710 ani..

270 2758 367 2811 mam
392 2732 585 2830 significat,
622 2732 713 2806 Sion
737 2756 831 2808 vero
857 2747 1026 2812 mentem.
1077 2735 1340 2828 Interpretatur
1431 2828 1433 2833 ι

269 2831 577 2928 epimJerusalem
597 2834 675 2931 vifio
688 2840 800 2931 pacis,
825 2833 914 2907 Sion
934 2848 1053 2907 autem
1071 2834 1204 2930 specula.
1281 2836 1283 2840 ’

350 2939 418 3026 Qui
429 2941 524 3029 ponit
536 2935 625 3024 fines
642 2952 711 3006 tuos
730 2955 857 3030 pacem,
882 2935 965 3025 Ue]
1019 2930 1156 3008 Omnes
1173 2931 1263 3008 fines
1281 2933 1303 3030 J
1324 2974 1340 2993 ·

266 3030 421 3116 rusalem
445 3029 524 3106 sunt
545 3054 627 3125 pax.
688 3033 829 3108 Verum
853 3048 955 3107 extra
973 3030 1063 3106 fines
1084 3035 1160 3126 ejus
1183 3056 1259 3108 non
1285 3034 1339 3108 est

267 3154 354 3229 pax.
407 3134 530 3231 Quare
554 3133 614 3224 is,
643 3134 703 3225 qui
728 3155 806 3208 non
832 3131 940 3208 estin
962 3153 1080 3228 pace,
1105 3133 1158 3208 est
1177 3149 1279 3208 extra
1297 3130 1339 3207 fi-

265 3254 336 3309 nes
354 3231 558 3324 Jerusalem.
1192 3268 1194 3274 ·
1256 3285 1259 3292 ,

256 3341 262 3348 '
348 3331 531 3430 Ejusdem]
555 3328 664 3406 Fines
676 3332 775 3427 pacis
791 3331 916 3408 dicunt
931 3327 1001 3405 else
1016 3329 1207 3409 affeiluum
1217 3331 1255 3406 in
1267 3332 1341 3406 ani·

267 3451 328 3508 ma
352 3430 584 3506 vacuitatem.
1273 3456 1275 3459 ⁴

323 3531 394 3604 ·Et
423 3533 512 3625 adipe
537 3531 702 3624 frumenti
719 3532 823 3622 fatiat
849 3548 902 3622 re,
933 3529 1029 3628 sic]
1073 3530 1201 3607 Simile
1223 3528 1274 3604 eil
1299 3530 1339 3603 in

267 3613 405 3726 psalmo
430 3629 651 3728 otiogclimo
669 3630 782 3707 istud:
821 3630 871 3708 Er
885 3631 1006 3705 cibavit
1027 3634 1094 3704 iilos
1114 3633 1149 3703 le
1162 3634 1250 3727 adipe
1260 3628 1338 3722 fiii-

268 3735 383 3803 nenti.
438 3730 598 3807 Granum
622 3731 792 3808 frumenti
819 3729 1000 3809 Salvator
1011 3731 1082 3806 est:
1116 3745 1338 3824 quapropter

270 3830 380 3908 etiam
406 3828 625 3907 frumentum
651 3831 728 3927 est,
764 3853 839 3925 quo
869 3831 973 3907 Deua
1007 3831 1109 3907 satiat
1133 3827 1337 3927 Jerusalem.

346 3932 418 4023 Qui
439 3937 563 4004 emittit
589 3932 745 4033 eloquium
765 3933 863 4022 ficum
890 3950 1002 4027 tetra,
1026 3930 1117 4027 siu]
1170 3931 1256 4004 Hoc
1271 3943 1273 3947 '
1286 3929 1341 3999 lo·

267 4049 317 4106 co
349 4043 481 4112 terram
509 4032 703 4131 allegorice
725 4029 859 4134 sumit,
896 4052 1039 4129 nosque
1062 4031 1163 4109 sorte
1184 4029 1342 4139 indicat,

321 4133 697 4231 OrigmisTom.VHs·
886 4130 966 4215 Kk
1243 4140 1317 4211 *Se
