3242 4609
410 217 1144 378 carrera.1n1>sanmos.’
1189 263 1285 391 '153
1358 259 1361 268 ’

310 450 436 518 Manus
455 465 511 516 tua
526 448 842 544 gentesuisparu'idit
859 444 945 542 tn]
975 425 1115 523 Vitium
1135 451 1168 524 ἃ
1187 454 1288 549 igno·
1363 463 1366 478 '

230 550 382 620 rantianr
401 544 569 638 disperdit
587 543 686 620 Deus
704 555 727 637 3'
750 548 922 622 virtutem
938 569 1030 622 vero
1053 550 1088 623 ἂ
1109 548 1291 647 scientiam,
1398 589 1402 599 ‚

230 646 382 740 plantat.
450 652 561 715 Omnis
586 647 679 719 enim
700 650 894 742 plantaria,¹
919 674 1014 744 quain
1031 676 1097 719 nan
1118 654 1289 745 plantavit

218 747 345 833 Uim,
371 747 592 824 eradicabitur.
646 744 816 820 Gentium
837 748 985 822 nomiae
1002 749 1170 847 intelligit
1189 758 1288 845 quin-

232 866 305 935 que
328 847 535 938 provincias
558 844 764 937 Palaestine,
792 846 988 940 Gethaeos,
1014 846 1191 945 Azoti0s‚
1217 854 1287 927 Ac·
1390 876 1397 889 ’

235 947 443 1035 emunitas,
470 944 639 1035 Gazaeos,
666 937 954 1020 &Ascalonitaa
1007 1017 1010 1022 ,
1101 983 1105 990 ·
1376 939 1379 951 ’

309 1048 486 1140 Ejusdem]
516 1043 623 1146 Tunc
647 1046 833 1138 impletum
854 1044 906 1117 est
925 1047 1035 1138 illud,
1066 1052 1286 1138 lanicutem,

231 1147 413 1243 plantans
431 1149 467 1213 in
485 1162 587 1214 munte
601 1147 797 1216 hereditatis
819 1163 890 1217 tuae.
943 1146 1081 1220 Gentes
1101 1164 1217 1223 autern
1236 1156 1291 1224 vi·

235 1243 336 1317 tiosae
352 1244 655 1334 exterminantur,
682 1259 870 1336 antequam
886 1267 952 1317 nos
967 1248 1177 1337 plantemur.
1205 1249 1290 1322 Pon

235 1366 279 1420 ro
295 1364 419 1417 manus
434 1342 628 1414 &dextera
645 1346 917 1436 exterminavit,
946 1345 1003 1418 sed
1017 1365 1133 1437 neque
1152 1370 1290 1443 manua,

236 1466 357 1535 neque
376 1442 523 1516 dextera
540 1443 746 1535 plantavit
777 1444 868 1517 Non
885 1446 978 1517 enim
991 1467 1102 1538 pam,-
1118 1446 1175 1519 sed
1188 1464 1288 1523 totus

238 1539 427 1640 plantavit,
494 1539 543 1612 Et
565 1538 739 1631 salvavit,
772 1551 849 1616 n'on
872 1566 994 1638 manus
1007 1546 1020 1626 ,“
1051 1546 1109 1636 sed
1132 1548 1289 1623 dextera

236 1641 366 1736 Eleuo
388 1640 521 1731 lsrael,
555 1656 679 1735 gentes
698 1641 878 1736 scripturis
897 1645 1026 1716 diuinis
1045 1643 1181 1719 insertae
1199 1647 1288 1723 sunt

237 1742 400 1818 Nomina
414 1753 531 1815 autem
547 1741 661 1833 posita
673 1741 752 1814 sunt
768 1743 828 1814 uni
844 1741 1000 1835 subjetio
1015 1743 1161 1820 diversa.
1197 1748 1291 1823 Narn
1330 1769 1333 1780 ·
1361 1799 1365 1808 ι

236 1843 464 1916 Salvatorem
490 1858 599 1912 vocat
612 1863 783 1932 manum,
819 1842 1020 1935 dexteram,
1052 1846 1235 1920 brachium
1259 1851 1294 1921 δι

236 1940 546 2016 illuminationem.
563 1985 577 2029 9
598 1941 731 2013 Vultus
758 1954 876 2014 autern
904 1944 1013 2035 patris
1039 1942 1090 2015 est
1122 1962 1291 2038 tanquam

237 2032 352 2139 figiira
368 2036 562 2112 substantiae
579 2039 664 2130 ejus.
696 2040 913 2115 illuminatio
929 2063 1041 2123 vero,
1069 2064 1145 2132 quae
1158 2068 1203 2118 ex
1215 2045 1293 2139 ipsu

240 2141 416 2215 emittitur
432 2139 465 2209 in
484 2153 638 2211 mentem
655 2161 803 2232 eorum,
830 2142 888 2229 qui
903 2139 938 2213 in
952 2142 1211 2217 redemtionem
1226 2167 1293 2218 uo-
1402 2201 1414 2224 s

240 2238 426 2325 causum,
455 2237 504 2308 est
517 2238 749 2332 intelligentia
761 2260 824 2333 per
838 2238 1016 2333 spiritum,
1036 2245 1164 2331 quaead
1176 2242 1294 2319 Deum

238 2339 386 2414 adducit
403 2338 632 2409 illuminatos.
676 2337 861 2414 ‚Mansueti
879 2355 996 2412 autem
1011 2340 1212 2415 hereditant
1227 2361 1297 2418 ter-

212 2440 334 2531 nam,
360 2436 664 2531 impugnanda,
690 2458 808 2528 neque
826 2438 943 2533 gladio
960 2440 1054 2528 iilam
1072 2433 1270 2532 poliidcnt
1351 2451 1353 2456 ’
1415 2509 1418 2520 .

317 2541 386 2610 Nec
408 2543 493 2604 enim
520 2544 558 2605 in
577 2536 675 2628 gladio
690 2538 746 2623 suo
765 2536 962 2634 pnſjiletunt
982 2557 1122 2623 terram,
1146 2544 1226 2632 inc]
1251 2541 1294 2616 In
1372 2596 1376 2614 .

238 2639 347 2713 nobis
364 2633 438 2727 est,
462 2653 632 2729 unacum
646 2634 718 2708 Dei
732 2635 870 2710 virtute
885 2637 979 2710 bene
996 2659 1040 2727 ac¹
1053 2635 1201 2714 ho'neste
1218 2663 1294 2737 age-

235 2760 300 2822 re3
327 2736 719 2831 dignos'autemhaberi
741 2735 885 2832 spiritali
901 2735 1069 2842 scientia,
1088 2759 1165 2813 non
1188 2740 1295 2833 estin
1382 2801 1386 2812 ,s

238 2837 360 2912 nobis.
767 2913 771 2920 ,
1385 2899 1389 2908 ,

320 2926 372 3008 Tu
391 2960 422 3018 er
445 2934 506 3028 ipse
524 2960 580 3003 rex
604 2959 686 3003 meus
702 2931 740 3007 (5
761 2937 848 3005 Deus
863 2959 966 3019 meur,
992 2941 1047 3031 qui
1064 2940 1194 3009 mandas
1208 2941 1296 3027 sarili-
1381 2978 1383 2982 ·

240 3052 293 3109 tes
306 3035 425 3131 Jacob,
441 3034 522 3123 tia]
549 3034 717 3126 Haecin,
741 3035 800 3126 qui
817 3035 862 3107 de
876 3037 1014 3128 populo
1031 3036 1129 3125 sunt,
1156 3061 1297 3120 conve·
1424 3032 1426 3037 ’

238 3137 364 3227 nient,
391 3155 535 3206 necnon
554 3131 776 3228 Prophetis,
804 3136 862 3225 qui
880 3136 1060 3227 fatentur,
1087 3137 1122 3211 se
1143 3160 1217 3212 non
1235 3140 1295 3213 sai·
1387 3184 1390 3188 <

241 3238 318 3307 vari
339 3236 483 3326 propria
501 3234 647 3331 virtute.
699 3233 810 3324 Jacob
829 3232 878 3305 est
898 3236 947 3332 is,
975 3256 996 3306 a
1019 3257 1091 3323 quo
1112 3240 1202 3310 mala
1219 3238 1296 3332 sup-

240 3338 457 3433 plantant-ur.
506 3331 669 3423 Praecipit
690 3333 790 3423 Deus
808 3330 932 3405 santiis‘
948 3330 1182 3428 spiritibusin
1198 3340 1315 3418 mini.
1363 3388 1365 3392 -
1387 3358 1393 3370 “
1417 3386 1421 3394 ·

241 3437 385 3514 sterium
409 3429 508 3506 missis
527 3444 677 3522 propter
696 3453 783 3521 eor,
817 3434 875 3522 qui
896 3433 1135 3508 hereditatem
1153 3438 1297 3530 capient
1356 3468 1359 3473 ·

238 3533 373 3610 salutis.
424 3530 550 3601 Multae
565 3545 683 3603 autem
698 3530 777 3603 sunt
792 3529 947 3622 salutes,
972 3532 1026 3603 uti
1047 3533 1078 3606 ἀ
1104 3537 1198 3609 vita.

223 3639 227 3643 ’
321 3636 361 3702 in
384 3648 413 3699 te
437 3636 579 3715 inimicus
602 3631 718 3725 nostras
736 3632 961 3720 ventilabimus
984 3656 1099 3718 cornu,
1126 3640 1162 3707 (5
1187 3660 1222 3703 in
1243 3658 1297 3701 nu-

242 3737 330 3803 mine
347 3729 583 3824 inaspernemus
599 3730 790 3821 insurgentes
801 3736 838 3799 in
849 3735 961 3815 'nabis‚
975 3729 1057 3825 m]
1085 3731 1199 3804 santii
1215 3754 1298 3823 qua·

241 3832 398 3906 ficornu
414 3831 535 3901 armati
551 3827 629 3899 sunt
643 3828 752 3922 Deo,
779 3830 837 3920 qui
854 3827 905 3902 est
917 3837 1042 3903 eorum
1060 3853 1183 3916 cornu.
1228 3831 1299 3911 Sed

244 3931 391 4010 &carin
406 3931 520 4026 laturis
536 3936 634 4003 erexit
658 3933 764 4016 nolis,
792 3930 907 4026 inquit
929 3929 1128 4010 Zacharias.
1166 3929 1227 4002 nic
1243 3930 1309 4019 aa,

695 4029 781 4134 K5
1109 4034 1276 4110 luminu·
