3242 4609
456 231 1159 410 xstt-atrii,rrtrsataaos
1213 261 1215 265 ’
1266 319 1340 393 403

227 499 230 507 ·
266 452 421 534 tionem
445 454 632 547 pro'pofita
659 453 773 528 verba
803 439 922 528 dic'ere
946 456 1094 547 poterit.
1112 468 1114 471 ’
1145 453 1340 532 Confidera

281 567 420 645 autem,
448 566 600 644 quantus
620 556 686 627 sit
676 576 725 643 rs,
754 574 813 645 qur
804 554 969 632 videbit
981 554 1109 629 faciem
1125 554 1205 632 Dei.
1238 548 1336 651 Jesus

267 651 351 747 ipse
375 666 413 730 ta
434 653 592 747 doceat,
618 654 766 727 dicens:
799 658 896 726 Beati
914 659 1030 727 munda
1047 653 1133 727 corde
1144 707 1157 746 ,
1187 664 1336 755 quoniam

236 753 457 864 ..ipfitDeum
472 756 638 828 videbunt.
736 816 741 824 .
1102 809 1107 826 ι

355 856 501 946 Cogitavi
513 858 584 925 adas
594 871 692 941 tuat,
709 849 748 930 (5
763 870 909 924 converti
903 855 1036 950 pedes
1017 878 1095 927 meos
1108 859 1146 925 in
1160 856 1335 960 testimonia

266 966 354 1048 tua,
383 949 468 1046 mc]
507 937 619 1060 Quod
639 954 754 1035 dicit,
780 949 832 1027 est
855 954 1053 1045 ejusmodi:
1079 977 1258 1047 nunquam
1281 973 1335 1031 te·
1415 959 1418 968 '

274 1072 373 1126 mere
396 1054 540 1125 locutus
558 1051 656 1146 stim,
683 1074 772 1145 nec,
796 1052 985 1145 antequam
1003 1053 1095 1145 apud
1112 1077 1168 1127 me
1190 1071 1335 1148 reputa·
1395 1092 1399 1108 =

272 1154 413 1245 verim,
439 1154 705 1243 loquendumne
718 1154 821 1240 mrbr
848 1175 891 1225 an
902 1154 1092 1226 tacendum
1106 1152 1203 1229 effer
1230 1156 1334 1230 Nun·

266 1271 377 1342 quam
394 1266 529 1325 temere
543 1253 720 1344 quidpiam
739 1253 810 1347 egi,
826 1272 910 1344 nec,
930 1268 1118 1367 antequam
1137 1257 1333 1346 perpende·

265 1352 361 1443 ¹rim,
388 1351 520 1425 effetae
542 1353 601 1425 illa
621 1343 711 1430 adio
736 1354 891 1424 decens.
917 1373 997 1425 nam
1016 1356 1084 1425 viae
1105 1352 1233 1425 nostrae
1253 1352 1333 1427 sunt

272 1449 610 1546 incogitationibus
636 1467 741 1543 atque
762 1451 959 1523 adionibus
978 1443 1112 1546 pusrtae.
1164 1455 1332 1547 Quapro-

270 1563 356 1642 pter
372 1554 437 1622 ait.
464 1552 596 1625 Omnia
613 1552 835 1624 confiderate
847 1552 938 1639 feci,
956 1556 1005 1623 ob
1023 1552 1130 1643 idque
1148 1556 1330 1652 ambulans

273 1652 442 1722 converti
458 1652 566 1741 pedes
589 1672 689 1725 meos
709 1653 744 1723 in
764 1605 965 1724 testimonia
979 1668 1064 1743 tua,
1091 1672 1138 1723 ne
1155 1666 1257 1724 extra
1276 1669 1331 1725 te·

272 1744 436 1822 stimonia
451 1751 521 1841 Dei
541 1751 780 1844 ambularem,
806 1751 864 1823 sed
882 1771 990 1824 omne
1010 1751 1193 1824 confilium
1211 1773 1331 1828 meum

272 1850 317 1920 ad
334 1836 496 1921 mandata
509 1862 570 1921 tua
582 1850 765 1923 referrem.

261 1993 267 2026 ι,
352 1952 491 2020 Paratus
511 1951 629 2037 fum,
641 1950 679 2025 (5
705 1976 771 2021 non
789 1950 865 2037 sum
898 1949 971 2021 turb
972 1966 1066 2035 atus,
1102 1966 1142 2022 ut
1165 1949 1329 2047 custodiam
1377 1993 1380 2006 -·

267 2051 526 2138 mandamina,
550 2046 631 2142 da]
672 2046 878 2122 Affedbuum
902 2051 1057 2121 carentia
1085 2049 1209 2121 solet
1200 2072 1329 2143 imper·

269 2150 463 2232 turbatum¹
476 2166 540 2219 cor
560 2148 757 2221 custodire:
782 2150 881 2238 quod
901 2150 1007 2221 nobis
1026 2150 1155 2220 accidit
1177 2171 1221 2221 ex
1240 2172 1329 2224 con·
1393 2217 1395 2221 .

266 2247 474 2338 ¹versatione
491 2245 584 2319 redta
600 2247 632 2319 dt
646 2248 822 2342 dogmatis
840 2250 948 2321 veris.
1313 2307 1317 2321 ,

264 2414 272 2422 ,
348 2351 454 2418 Furias
469 2364 657 2442 peccatorum
672 2350 869 2442 circumplexi
880 2350 958 2435 sunt
977 2372 1041 2433 me,
1068 2346 1107 2422 U
1128 2348 1219 2439 legem
1238 2365 1327 2420 tuam

270 2449 481 2562 nonsumbbl
481 2453 547 2517 itus
542 2443 667 2562 dia]
692 2444 810 2520 Funes
831 2448 1230 2559 appellanturpeccata‚
1248 2470 1326 2540 quae
1348 2531 1353 2546 ,

271 2548 366 2622 fibi
357 2548 513 2620 invicem
540 2500 693 2639 implexa
712 2545 802 2620 sunt.
852 2545 948 2619 Nam
970 2545 1030 2623 uui
1055 2563 1241 2650 peccatum
1263 2548 1326 2621 fibi

268 2661 504 2743 proponant,
532 2662 682 2741 propter
697 2645 784 2717 illud
800 2647 905 2718 etiam
927 2645 1018 2738 aliud
1042 2661 1203 2718 attexere
1226 2667 1325 2720 com·

270 2750 470 2843 pelluntur:
497 2745 793 2837 quemadmodum
808 2744 932 2817 David
953 2755 1045 2837 prop.
1048 2751 1103 2816 er
1048 2744 1326 2818 fornicatio

270 2870 353 2921 nem
375 2849 480 2919 etiam
502 2846 632 2920 cadem
648 2845 793 2939 adjecit:
822 2842 908 2918 Cain
925 2861 1074 2937 propter
1091 2844 1325 2920 fratricidium

268 2947 430 3061 adjunxit
451 2946 683 3020 mendacium.
735 2945 873 3017 Verum
899 2946 979 3035 bis
1007 2964 1085 3017 cum
1106 2946 1232 3035 imple
1216 2945 1326 3019 tere
1343 3013 1346 3020 .

270 3063 351 3137 tur
379 3047 446 3137 ait,
459 3045 492 3118 se
506 3047 591 3141 legis
608 3068 682 3118 non
695 3045 902 3117 omnimode
917 3047 1068 3117 oblitum
1078 3042 1199 3134 farise,
1216 3067 1324 3137 quan·
1386 3073 1408 3102 r-

267 3147 465 3237 doquidem
485 3145 530 3217 ad
542 3146 786 3237 paenitentiam
804 3141 1019 3239 respiciens,
1045 3143 1079 3214 dt
1102 3144 1322 3239 conversus,
1430 3233 1432 3241 y

266 3247 388 3323 furiem
408 3247 547 3337 peccati
562 3248 713 3336 abrupit.

268 3412 270 3418 .
346 3348 458 3415 Media
475 3344 562 3415 nodie
577 3344 681 3436 (urget
681 3367 732 3414 am
747 3344 788 3413 ad
801 3343 1008 3435 confitendum
1026 3339 1072 3411 rib
1074 3368 1085 3409 ι
1080 3341 1189 3437 super
1206 3343 1323 3432 judicia
1363 3339 1365 3343 ’

263 3447 499 3549 justificationis
516 3461 597 3530 rua,
622 3439 743 3540 dia]
742 3442 827 3517 Hoc
845 3442 1032 3515 dicendum
1047 3440 1214 3515 adversus
1233 3464 1322 3538 eos,

269 3570 331 3641 qur
345 3565 469 3636 preces
486 3542 593 3616 nodia
609 3543 864 3662 negligunt
1388 3565 1391 3600 :
1430 3625 1432 3630 ¹

349 3646 553 3738 Cragudatum
567 3646 604 3740 esi
613 3645 694 3738 ficut
706 3642 753 3712 lac
767 3666 819 3712 car
833 3623 952 3729 meum3
976 3662 1025 3733 ega
1037 3664 1112 3711 vera
1125 3640 1216 3733 legem
1233 3656 1321 3712 tuam

266 3747 440 3819 meditatus
465 3745 555 3832 sum,
586 3738 673 3836 bc]
722 3739 1033 3836 Quemadmodum
1066 3738 1184 3811 caseus
1218 3737 1343 3834 erat,¹

267 3843 499 3939 quandonam
514 3858 591 3916 erat
599 3842 736 3932 caseus,
753 3839 800 3913 lic
811 3839 989 3913 demones
1004 3840 1193 3931 aliquando
1208 3858 1322 3933 erant,
1391 3843 1424 3904 ι’»

269 3944 414 4044 quando
438 3964 515 4018 non
535 3943 637 4019 erant
657 3939 749 4017 mali.
796 3938 847 4009 Si
870 3944 962 4014 ve'ro
980 3938 1060 4038 Ιιε,
1069 3938 1246 4030 antiquius
1271 3941 1340 4014 est·

735 4034 849 4112 Cea
1148 4036 1290 4124 saise„
1363 4059 1373 4071 Χ
1426 4065 1428 4067 ·
