3242 4609
435 269 1157 357 nntncrnrunsatuos.
1294 301 1342 380 ,ς

265 452 507 542 peecatorum
523 441 667 518 divitias
689 455 1016 540 congregaverunt.
1058 435 1203 518 ¹Vid'eaa
1218 453 1341 524 autem

268 563 385 620 unum
406 541 451 616 de
474 539 629 616 Ecclesia
646 541 851 638 imperitum
872 543 1012 636 quidem
1031 540 1066 614 in
1088 545 1207 616 verbo
1230 559 1341 638 atque

271 642 505 733 eruditione,
537 635 608 716 sed.
623 637 695 718 fide
720 663 762 714 ac
787 639 920 716 timore
947 643 1017 716 Dei
1042 645 1242 739 repletum,
1302 646 1341 719 ul

271 757 427 840 propter
447 744 613 816 timorem
629 741 701 815 Del
718 744 754 815 in
771 745 873 814 nullo
897 743 1005 816 audet
1023 743 1254 837 delinquere,
1278 665 1342 819 sed

272 853 426 916 veretur
439 841 588 914 omnino
599 844 736 936 aperire
756 838 933 936 ossuum,
966 862 1012 916 ne
1026 842 1125 916 sorte
1140 843 1255 918 sermo
1268 865 1341 919 ma·

275 945 334 1018 lur
342 943 527 1036 procedat
544 941 588 1015 de
606 959 671 1014 ore
690 943 766 1034 ejus
784 993 795 1036 ,
825 939 1044 1015 &observat
1067 945 1172 1016 etiam
1188 944 1224 1017 in
1238 941 1341 1018 mini·

273 1062 338 1118 mo
347 1039 584 1135 delinquere,
610 1062 631 1114 a
649 1041 776 1133 quibus
792 1033 988 1116 observare
996 1037 1030 1116 se
1042 1059 1118 1116 non
1131 1040 1252 1137 potest
1264 1045 1340 1138 ille,

274 1141 339 1234 qui
353 1141 455 1214 diuet
475 1139 577 1214 estin
591 1140 695 1236 huius
709 1139 831 1216 mundi
848 1137 1026 1236 sapientia.
1060 1135 1141 1216 Hor
1157 1141 1264 1239 igitur
1276 1139 1341 1218 fibi

269 1239 472 1316 conserens
493 1235 609 1314 sermo
631 1241 773 1315 divinus
785 1243 857 1314 -aitr
885 1239 1063 1336 Melius-ql
1080 1241 1230 1313 modicum
1239 1245 1341 1343 jaflo,

268 1343 523 1437 stipendiariis&
541 1357 733 1437 peccalorum
752 1344 881 1412 inultos.
934 1339 989 1414 Ut
1005 1333 1086 1414 sunt
1101 1341 1237 1416 divitiae
1258 1361 1342 1437 pec·

274 1455 467 1531 natorum,
494 1435 661 1534 sapientia
675 1441 777 1534 hujus
797 1441 946 1535 mundi,
972 1443 1009 1514 in
1030 1461 1098 1533 qua
1111 1440 1242 1515 divites
1262 1443 1343 1516 sont

275 1541 316 1617 dt
340 1541 560 1613 abundantes
585 1539 869 1635 ineloquentia,
900 1555 1108 1616 nontamen
1132 1539 1166 1615 se
1185 1558 1249 1636 per
1265 1541 1342 1616 haec

278 1644 900 1739 continerepraevalentapeccato.
928 1639 1117 1715 Modicum
1131 1655 1248 1716 autem
1258 1636 1343 1736 justi
1393 1707 1398 1716 .

278 1739 361 1832 est,
388 1739 449 1838 qui
471 1743 582 1814 hahet
598 1735 705 1816 iidem
730 1755 897 1834 tanquam
916 1759 1062 1838 granum
1080 1741 1207 1836 sinapis
1227 1738 1344 1816 modi·
1380 1788 1383 1796 -

279 1860 381 1932 cam,
407 1836 466 1912 sed
477 1840 635 1914 vividam
652 1840 949 1916 &vehementem
961 1877 978 1931 ,·
999 1857 1178 1934 perquam
1193 1837 1230 1914 se
1244 1858 1344 1915 com·

275 1939 451 2015 munit&
475 1941 641 2014 continet
660 1963 681 2014 a
702 1956 869 2036 peccato.
911 1936 1053 2013 -Meliua
1084 1939 1134 2013 est
1158 1957 1244 2036 ergo
1267 1941 1343 2014 hoe

274 2037 464 2116 modicum
488 2037 572 2114 fidei
593 2041 689 2134 justo
716 2037 818 2135 super
839 2039 981 2114 divitias
1002 2053 1236 2133 peecatorum
1255 2038 1344 2113 mul·

277 2155 357 2231 tar,
383 2160 469 2230 quas
490 2141 624 2212 habent
643 2142 679 2213 in
696 2142 903 2231 eloquentia
919 2160 960 2213 ac
975 2137 1145 2233 sapientia
1165 2136 1269 2232 hujus
1285 2132 1343 2212 sae·

279 2239 376 2331 culi,
410 2257 487 2331 quae
505 2239 705 2314 destruitur.
752 2241 894 2314 Tamen
912 2241 937 2314 sr
957 2238 1120 2338 potuerit
1139 2238 1269 2332 quis&
1292 2236 1344 2311 di·

277 2338 575 2432 vitiarhabere,
601 2339 635 2412 dt
656 2357 732 2412 non
755 2351 987 2432 peccatorum
1015 2340 1147 2414 habere
1174 2337 1342 2413 divitiast

277 2437 339 2519 sed
354 2435 576 2534 congregare
596 2439 712 2530 aliqua
728 2439 772 2512 de
789 2438 958 2512 thesauris
977 2437 1098 2533 Moysi
1115 2437 1344 2535 legislatoris,

279 2538 351 2612 alia
362 2538 470 2610 etiam
484 2542 529 2612 de
544 2535 651 2612 censu
666 2541 849 2631 acquirere
867 2537 1150 2629 Prophetarum,
1177 2534 1221 2611 de
1236 2532 1343 2629 isaia,

281 2637 515 2734 deleremia,
541 2639 587 2712 de
603 2636 819 2732 Ezechiele,
845 2634 1055 2730 perscrutari
1071 2655 1216 2728 quoque
1233 2630 1345 2709 seere-

259 2751 322 2811 =ta
339 2737 521 2829 Danielis,
553 2754 836 2830 ceterorumque
855 2733 1116 2829 Prophetarum
1132 2731 1344 2808 reconditos

266 2837 321 2911 ,dr
334 2835 509 2912 obscuros
523 2833 712 2932 penetrare
728 2827 934 2910 thesauros':
959 2832 1100 2928 istejam
1113 2854 1188 2908 non
1202 2833 1346 2908 conier-

284 2951 345 3010 tur
361 2936 574 3030 sapientibus
603 2939 706 3030 hujus
721 2937 865 3030 mundi,
891 2952 933 3008 ut
948 2935 1075 3010 melior
1093 2933 1162 3007 illis
1183 2933 1344 3028 dicatur,

283 3025 346 3110 secl
368 3037 437 3108 illis
457 3040 567 3133 magis
585 3049 812 3130 exequatur,
839 3035 900 3129 qui
916 3037 1105 3128 dicebant,
1133 3036 1209 3134 qaia
1226 3035 1346 3106 divites

282 3134 370 3229 fasir·
390 3137 458 3234 eflis
474 3143 512 3206 iu
534 3137 620 3208 omui
638 3139 731 3208 verbo
754 3136 793 3213 ὅ
818 3143 855 3206 in
870 3142 956 3206 omni
969 3137 1126 3224 scientia:
1153 3135 1188 3206 u
1211 3131 1347 3226 quide·

286 3233 464 3310 inhermes
481 3237 586 3328 hujus
606 3237 727 3310 mundi
750 3236 980 3332 sapientiam,
1015 3234 1170 3307 &velut
1189 3231 1347 3326 vidiorqa

286 3337 366 3430 elus
393 3333 511 3408 effeiii
537 3337 682 3429 dicunt,
709 3336 743 3408 se
768 3350 912 3428 paratos
937 3333 1008 3407 eise
1034 3335 1077 3406 ad
1093 3333 1348 3427 captivandum

286 3437 434 3510 omnem
447 3431 664 3512 intelledum
676 3438 914 3510 extollentem
923 3428 1209 3529 sedrerigentem
1223 3433 1349 3507 adver·

286 3530 344 3610 sur
360 3533 542 3610 scientiam
561 3533 700 3610 Christi.
726 3527 799 3610 Etsi
812 3536 954 3628 quidem
971 3535 1031 3606 ille
1046 3531 1108 3625 stt,
1129 3549 1234 3624 quem
1248 3527 1349 3627 supe·

287 3636 364 3708 tius
374 3636 548 3728 diximus,
568 3637 754 3730 imperitus
771 3635 804 3708 dr
820 3635 953 3725 idiota,
971 3626 1029 3707 sed
1044 3627 1158 3712 fidelis
1172 3631 1206 3706 dt
1220 3631 1348 3706 timens

290 3733 433 3830 Deum,
457 3737 566 3808 melin
579 3737 621 3836 eli
636 3740 783 3808 modicum
804 3733 891 3820 illud
910 3724 992 3806 fidei
1009 3723 1184 3906 huicgusso
1195 3730 1286 3905 [γη
1300 3735 1350 3803 h·-

289 3840 597 3934 adrumentorum
609 3839 747 3924 mutar,
773 3851 860 3928 quas
876 3851 956 3908 cum
974 3833 1077 3925 hujus
1107 3828 1208 3906 aeculi
1232 3831 1351 3925 apien-

289 3935 341 4012 tia
355 3951 621 4036 compararunt.
671 3933 803 4111 Superc
806 3936 932 4009 ambos
952 3946 1072 4011 autem
1084 3928 1176 4009 istor
1191 3928 1265 4110 eg,
1290 3926 1352 4023 qui

830 4056 851 4110 a
1230 4046 1321 4104 mea
