3242 4609
289 303 309 376 ⁵
383 306 386 311 ’
448 291 1209 448 ιιιιιιιιιιιιιιιιιιιιι
1251 363 1386 451 ,ιςς

268 525 418 619 oratio,
447 518 671 597 videlicet&
687 487 937 595 misericordia
979 516 1078 602 Nam
1099 537 1169 640 per
1186 522 1325 598 ‘oratio-⁸
1342 555 1344 559 ·

267 649 351 703 nem
365 621 641 743 misericordiam
656 642 677 698 a
692 620 777 695 Deo
791 620 997 723 petimus.

924 822 1320 850 m

508 956 882 1072 PSALMUS
932 959 1097 1044 LXVI
1194 982 1196 986 ’
1273 945 1312 966 ”

347 1148 401 1196 cus
386 1078 663 1213 misereaturtui
649 1122 740 1221 miri,
765 1120 848 1215 bc]
880 1121 1101 1200 Prantmtiat
1121 1119 1193 1196 Dei
1206 1061 1325 1197 Verbi

270 1137 362 1346 D
370 1223 566 1299 adventum
591 1224 625 1298 dt
648 1224 814 1321 gentium
829 1224 1008 1325 omnium
1004 1221 1186 1298 ·salutem:
1216 1242 1327 1314 quare

269 1333 308 1401 in
315 1330 418 1419 finem
432 1321 621 1417 inscriptus
637 1323 699 1401 est.
732 1321 784 1395 Ει
796 1320 882 1400 cum
892 1335 972 1397 non
990 1322 1058 1397 fint
1077 1322 1230 1397 humana
1250 1323 1328 1415 iila,
1411 1379 1413 1383 ,

271 1450 349 1521 quae
365 1419 460 1521 gesta
474 1422 576 1517 sunt,
601 1444 678 1498 non
694 1446 733 1497 ιιι
744 1444 918 1498 encomiis
932 1423 994 1498 vel
1009 1421 1193 1516 laudibus,
1217 1417 1327 1494 sedin
1374 1423 1388 1457 ⁸
1414 1416 1430 1500 f

271 1532 400 1621 hymnis
417 1523 618 1611 inscribitur
638 1524 697 1597 hic
717 1521 880 1617 psalmus.
930 1521 1051 1598 Cum
1042 1536 1161 1614 itaque
1183 1520 1327 1598 dimnus

269 1628 424 1721 hymnus
438 1623 501 1714 fit,
525 1623 827 1726 proptereaqnod
843 1621 1155 1702 salvatorisetiam
1169 1616 1328 1706 adiuuet

269 1750 315 1803 ac
343 1724 531 1801 maximam
561 1717 763 1826 earumdem
786 1721 1131 1817 contemplationem
1157 1721 1350 1815 exhibet,

269 1844 424 1905 numero
439 1819 650 1920 sexagessmo
668 1801 771 1898 sexto
790 1824 993 1898 collocatus
1010 1820 1081 1914 est,
1105 1833 1238 1917 utpote
1249 1838 1330 1915 per
1357 1859 1359 1863 ·

271 1924 370 2006 fedo
384 1936 457 1998 tam
476 1923 513 1996 in
527 1924 745 2017 unitatibus,
770 1944 875 2046 quam
890 1925 928 2000 in
942 1923 1147 1999 decadibus.
1338 1992 1340 1995 ,

348 2017 408 2099 Ad
417 2023 677 2138 cognoscendam
665 2047 702 2095 m
723 2040 813 2106 tetra
828 2014 920 2104 'uim
932 2042 1040 2114 tuan,
1065 2020 1104 2100 d
1104 2025 1152 2117 c]
1177 2019 1220 2094 In
1233 2033 1330 2098 terra

270 2123 456 2201 versantes
471 2123 711 2221 cognovimus
730 2119 826 2196 viam
843 2122 1043 2199 dicentem.
1070 2124 1133 2218 Ego
1143 2121 1215 2214 sum
1232 2128 1330 2198 oia..

350 2225 565 2320 Etgsntoin
578 2225 806 2318 terradirigem
821 2222 902 2320 σι]
926 2222 1138 2323 Dmgunos
1149 2223 1338 2320 peraeto

272 2345 339 2402 nes
354 2324 390 2398 dc
404 2322 684 2419 verodogmata
801 2345 806 2354 ·
1344 2368 1346 2372 -
1397 2416 1400 2422 .

349 2418 451 2498 Terra
474 2422 565 2494 dedit
584 2419 864 2520 studiosissumus,
896 2421 986 2517 ua]
1016 2420 1135 2498 Tetra
1153 2422 1205 2495 ilii
1229 2388 1331 2518 sunt,

273 2523 490 2619 quicumque
506 2521 604 2620 prius
623 2523 780 2638 terreni,
806 2519 931 2617 postea
945 2520 1028 2597 fasti
1049 2520 1130 2597 sunt
1151 2522 1331 2617 coelestes,
1364 2546 1366 2550 ·

272 2622 439 2703 nimirum
461 2640 527 2719 per
544 2621 803 2718 penitentiam.
863 2619 1001 2695 munus
1016 2640 1120 2696 aurem
1139 2622 1333 2721 spirituaii
1431 2693 1437 2717 ,

269 2725 445 2821 gaudium,
467 2724 630 2809 charitas,
658 2741 742 2817 pax,
775 2726 937 2812 patientia
956 2722 991 2797 dt
1010 2738 1148 2799 caetera
1199 2724 1335 2897 quem·

269 2752 471 2902 admodum
488 2834 613 2917 gentes
632 2823 687 2895 bis
705 2822 750 2894 ad
767 2820 841 2896 Dei
856 2822 979 2897 laudes
997 2824 1205 2917 excitavit,
1230 2844 1264 2895 ic
1277 2822 1334 2897 bis

232 3013 236 3025 ἱ
274 2921 346 3001 inis
376 2918 664 2997 benedictionem
696 2935 864 3015 precatus
893 2921 955 2997 est.
1018 2924 1093 3019 Qui
1115 2921 1336 3102 benezcunt

275 3024 417 3135 Deum,
442 3018 517 3095 sola
536 3042 570 3094 e1
560 3021 700 3095 verba
718 3019 900 3107 offerunt,
934 3042 1047 3115 opere
1064 3040 1183 3098 autem

273 3121 409 3201 mereri
426 3133 622 3212 nequeunt.
672 3117 776 3195 Deus
794 3140 887 3195 vero
906 3142 989 3197 cum
1008 3122 1214 3219 benedicit,
1250 3142 1338 3215 ope·

275 3245 318 3298 re
342 3218 523 3304 sermones
546 3218 684 3312 firmat,
721 3220 833 3312 uiis,
867 3240 959 3313 quos
983 3221 1185 3316 benedicit,
1217 3223 1369 3297 bono-²
1414 3223 1417 3235 f

277 3325 358 3396 rum
381 3320 539 3414 cujusvis
566 3318 709 3417 generis
732 3317 913 3394 fruituum
941 3336 1162 3414 proventum
1190 3321 1338 3417 praebet.

276 3419 422 3497 Deinde
433 3418 544 3493 docet
551 3417 792 3514 quomodo
779 3417 937 3500 dlvmam
951 3420 1240 3501 benedifflonem
1253 3439 1371 3501 con·¹

276 3519 410 3626 sequi,
424 3518 585 3618 poffibile
601 3516 656 3597 fit.

1268 3021 1335 3098 ilio
1429 3046 1432 3054 ·
