3242 4609
302 319 310 338 ι
347 273 349 278 ·
462 282 747 410 sacrorn
770 231 839 362 in
862 281 1160 391 rentur-os.
1260 217 1387 388 '21⁶3'¹

354 451 488 543 Sagitta
508 467 570 522 tua
590 465 710 544 uitta,
730 447 865 545 pot'em5
890 449 996 542 popuii
1010 447 1071 537 fieb
1094 448 1276 540 recudent,
1301 456 1342 526 in

277 551 581 628 cordesimmicorum
597 543 702 643 regis,
730 544 815 641 iio]
840 548 982 643 Sagittae
999 547 1125 646 Christj
1141 546 1220 623 sunt
1241 549 1341 638 affli-

264 668 345 727 ces
369 649 548 741 virtutes,
576 647 760 741 &justitia
777 647 919 739 quidem
933 646 1028 728 ¹ferit
1047 646 1235 745 iniustum,
1258 671 1341 745 pru·

278 748 402 821 denaia
419 749 661 842 insipientem,
686 745 900 821 fortitudine
923 746 1108 841 timidum,
1140 761 1341 842 temperara-
1403 829 1406 836 ,

277 849 331 921 tia
346 849 662 941 intemperantem,
689 847 860 943 patientia
881 844 1114 938 iracundum,
1139 843 1210 922 fide
1226 851 1343 926 incre·

277 947 415 1024 dulunr.
475 945 661 1020 Emittitur
688 962 806 1019 autem
838 958 921 1018 ante
948 965 1073 1019 omnes
1097 943 1181 1019 fidei
1203 946 1340 1046 sagitta.
1421 979 1423 982 ·

279 1046 446 1140 Oportet
462 1048 554 1130 enirn
571 1049 720 1140 primum
739 1044 906 1136 credere,
942 1043 1239 1137 quodDeusest.
1284 1109 1290 1134 „
1336 1127 1338 1132 ,
1390 1131 1392 1136 ,

234 1147 238 1153 “
356 1147 534 1241 Ejusdem]
561 1145 669 1240 Eius,
697 1146 756 1237 qui
773 1142 985 1218 sufficienter
1000 1144 1342 1236 proueritatecon·

266 1246 465 1354 'cionatur‚
492 1244 706 1338 &potenter
721 1246 903 1338 redarguit
917 1243 1121 1333 falsitatem,
1148 1245 1341 1325 rationabi·
1377 1243 1387 1304 Ἃ

274 1345 330 1417 les
345 1359 505 1417 exacutae
524 1343 603 1417 sunt
618 1344 759 1441 sagittae.
810 1342 861 1413 Et
876 1343 935 1434 qui
958 1339 1019 1415 sub
1033 1340 1172 1442 Christo
1193 1344 1339 1428 cadunt,

246 1451 249 1458 '
276 1444 314 1516 hi
329 1445 372 1538 'in
400 1444 510 1516 corde
536 1442 873 1538 &cogitationibus
894 1440 1218 1534 suntinimicorum
1240 1442 1340 1530 Chri-

275 1541 341 1633 sti,
368 1543 429 1636 qui
445 1541 496 1615 est
510 1563 585 1616 rex.
635 1541 827 1620 Manifeste
845 1557 970 1631 autem*
981 1538 1139 1614 Christus
1156 1540 1258 1616 Deus
1274 1542 1337 1622 est.-

275 1637 327 1713 Et
349 1638 494 1714 fortasse
514 1642 619 1734 poffit
641 1646 719 1734 quis
738 1641 859 1738 facere
874 1640 1074 1734 justitiam,
1107 1641 1141 1714 &
1163 1642 1338 1732 abstinere

277 1741 323 1814 ab
344 1739 533 1832 iniquitate
553 1742 684 1816 timore
701 1742 793 1831 Dei,
822 1740 943 1828 &non
961 1738 1166 1838 amureDei
1183 1754 1337 1837 propter
1424 1823 1429 1848 Ι

271 1838 471 1934 justitiam,
505 1862 622 1933 neque
649 1842 742 1932 odio
764 1841 974 1933 iniquitatis.
1032 1835 1203 1916 Socinon
1225 1841 1340 1926 istius·

273 1940 376 2014 modi
399 1937 570 2013 Christus.
1056 2009 1061 2022 ,
1232 1967 1246 1994 ν
1337 2007 1339 2012 .

355 2042 456 2133 Virga
477 2035 660 2111 tironianis
674 2043 768 2132 uirga
787 2042 874 2133 regni
891 2040 963 2127 tui,
989 2031 1082 2132 uic]
1108 2035 1240 2133 Virga,
1266 2058 1337 2131 qua

273 2133 436 2212 Christus
451 2138 585 2229 utitur,
608 2153 650 2210 ut
663 2142 787 2231 puniat
801 2152 1038 2232 peccatores,
1053 2137 1155 2232 virga
1172 2135 1339 2212 directio·

272 2238 333 2309 nis
349 2238 569 2330 appellatur,
584 2237 755 2333 dirigens,
775 2239 809 2309 ἃ
822 2240 864 2310 ab
886 2237 985 2310 omni
1004 2235 1237 2331 perversitate
1250 2237 1337 2312 libe·

274 2353 358 2409 rans
378 2358 467 2426 eos,
501 2357 593 2428 quos
617 2337 719 2431 regit.
775 2333 826 2407 Et
847 2337 1015 2427 quoniam
1039 2334 1218 2428 potestate
1239 2338 1338 2434 regia

272 2456 340 2530 per
359 2437 454 2510 illam
469 2437 597 2532 punit,
623 2437 725 2533 virga
742 2433 795 2509 est
809 2435 911 2531 regni
929 2435 1046 2525 ipsius.

355 2538 448 2607 uua
463 2560 564 2629 regum
586 2543 623 2606 in
639 2535 757 2608 honore
776 2551 842 2609 tuo.
894 2532 1030 2629 Adstitit
1051 2535 1194 2625 regiona
1213 2535 1337 2604 dextris

274 2641 343 2708 tuis
360 2643 399 2706 in
413 2636 527 2734 vestitu
540 2638 708 2721 deaurato,
720 2635 915 2707 circumdata
924 2635 1092 2718 varietate,
1103 2629 1142 2707 (u
1143 2633 1195 2725 o]
1218 2629 1337 2704 Sanffi
1353 2636 1356 2641 ’

269 2733 437 2829 discipuli
454 2727 603 2831 regnunt
622 2738 795 2809 coelorum
813 2733 1056 2827 accipientes,
1081 2728 1163 2806 fatu
1188 2732 1338 2818 sunt-re·
1389 2745 1392 2751 ·

274 2857 350 2931 ges.
401 2837 647 2934 Quamobrem
675 2838 798 2908 auimae
826 2834 870 2906 ab
897 2832 975 2925 ipsis
996 2829 1189 2912 secundum
1220 2830 1339 2913 virtu-

274 2948 351 3007 tem
373 2948 573 3032 generate,
599 2935 767 3008 dicuntur
787 2932 868 3005 filiae
883 2953 1020 3028 regum.
1082 2927 1220 3003 Omnes
1242 2949 1336 3004 vero
1376 2999 1379 3003 ,

246 3096 249 3100 .
275 3033 350 3105 istae
367 3033 489 3108 anirnae
500 3030 577 3108 ¹fide
593 3032 628 3105 δι
644 3036 781 3106 virtute
795 3033 969 3123 adunatae,
984 3049 1090 3104 unam
1105 3026 1263 3103 efficiunt
1282 3027 1342 3103 re·'

274 3133 413 3229 ginon,
427 3154 506 3225 quae
522 3131 635 3206 adstat
651 3155 671 3205 a
687 3133 822 3206 dextris
836 3129 965 3204 Christi
980 3129 1061 3202 Dei.
1087 3123 1136 3200 Et
1148 3148 1245 3201 nunc
1261 3128 1337 3220 qui·

276 3233 358 3305 dem
384 3230 540 3305 Ecclefia
560 3232 632 3304 Dei
656 3252 760 3305 aurea
777 3232 887 3304 habet
911 3230 1140 3321 indumenta,
1168 3240 1336 3322 exparte
1363 3264 1365 3267 ·
1401 3270 1404 3275 -

275 3329 521 3427 cognoscens,
539 3332 632 3403 &ex
650 3345 755 3423 parte
770 3332 1012 3424 prophetans3
1038 3345 1122 3399 cum
1140 3341 1264 3400 autem·
1274 3348 1338 3406 ve·
1371 3347 1378 3356 ·

274 3433 399 3523 nerit,
426 3432 525 3524 quod
556 3427 752 3523 perfectum
785 3429 864 3522 est,
891 3428 925 3501 &
957 3438 1171 3501 evacuatum
1197 3424 1337 3521 fuerit,

275 3529 377 3623 quod
403 3551 449 3602 ex
474 3542 576 3624 parte
601 3529 682 3623 est,
718 3543 807 3602 tunc
828 3541 909 3620 tota
933 3545 1039 3599 aurea
1063 3524 1210 3597 habebit
1231 3524 1338 3598 uesti-

272 3644 408 3706 menta.
465 3627 614 3701 Naturae
644 3631 737 3703 enirn
762 3628 983 3702 rationabilis
1007 3622 1267 3724 vestimentum¹
1284 3620 1362 3697 est·

273 3728 465 3823 multiplex
484 3728 556 3809 Dei
575 3726 756 3821 sapientia.
1324 3757 1342 3812 ,·

351 3831 400 3901 Et
411 3827 535 3898 inclina
551 3852 657 3899 aurem
672 3845 777 3916 tuom,
794 3821 879 3919 θα]
912 3825 1036 3904 inclina
1050 3847 1158 3896 aurem
1170 3837 1273 3907 tuam,
1286 3817 1343 3892 di·.

273 3928 325 4002 cit
339 3942 444 4025 pater
461 3928 508 4004 ad
522 3921 730 4014 Ecclesiam.¹
749 3924 980 4106 LLauriabilis
997 3938 1117 4002 autem
1136 3920 1341 4093 οὺὲἔζὲὶῑα

285 4039 294 4060 “
809 4049 831 4103 2
869 4072 872 4077 -
1025 4091 1030 4104 a
