3242 4609
289 299 294 306 ·
443 225 1146 372 srrncr'srursscrsoe
1284 235 1329 367 rr

340 473 377 545 4.
404 449 571 527 nuttios
587 456 627 525 ire
647 457 809 541 Domino,
834 450 875 531 ὁ
891 450 980 525 dabir
998 452 1061 522 tibi
1074 453 1245 546 petitiones
1264 469 1340 524 cor-¹

264 554 402 641 distri,
424 553 544 630 Moris
566 551 618 629 est
636 552 819 650 scripturae
835 554 967 629 divinae
983 551 1076 627 duos
1095 553 1263 627 homines
1276 551 1333 627 in·

264 651 464 730 troducere
484 649 687 752 iuorourqe,
712 653 846 746 idest,
870 651 1098 730 similitudine
1121 651 1266 725 alterius
1281 653 1335 726 el··

265 767 386 829 terum
398 773 445 828 ex
458 755 578 830 altero
592 756 804 845 nominare,
830 755 905 834 hoc
919 749 970 827 est
988 773 1051 842 er,
1078 771 1156 842 quae
1173 752 1331 826 exterio·

263 853 315 928 ris
338 851 420 928 sunt
447 852 633 936 hominist
664 855 889 948 compellere
910 852 1018 928 etiarn
1039 853 1078 925 in
1104 853 1331 931 interiorem.

266 951 383 1052 Quod
400 964 519 1030 eutem
535 939 709 1030 dico⁴tele
727 951 790 1032 est.
840 949 1012 1027 Exterior
1025 950 1139 1025 horno
1156 971 1333 1046 corpora·

264 1053 313 1126 lis
332 1049 489 1128 vescitur
510 1053 600 1130 cibis
617 1054 941 1148 corruptibilibus,
972 1051 1007 1124 de
1030 1050 1093 1124 fibi
1113 1052 1216 1147 aptis.
1268 1047 1336 1126 Est

269 1163 392 1226 autern
407 1150 442 1226 u
455 1155 556 1230 cibus
572 1154 715 1249 quidam
729 1153 916 1230 interioris
931 1150 1111 1233 hominis,
1134 1151 1179 1225 de
1192 1171 1266 1241 quo
1282 1150 1334 1225 di·

269 1251 388 1346 citur,
413 1255 496 1345 quis
510 1254 550 1330 in
569 1256 670 1330 omri
689 1254 806 1348 verbo
821 1251 894 1330 Dei
913 1251 1008 1325 vivit
1026 1244 1152 1328 horno.
1190 1247 1253 1323 Est
1266 1268 1334 1341 po·

269 1351 393 1426 culum
408 1353 600 1429 exterioris
618 1354 798 1447 hominis,
825 1349 878 1430 est
892 1351 987 1429 aliud
1008 1350 1204 1424 interioris.
1239 1347 1335 1422 Bibi-

268 1469 351 1526 mns
375 1453 473 1528 eninr
505 1451 551 1529 de
583 1451 728 1551 spiritali
760 1452 925 1546 sequenti
957 1462 1084 1549 petra,
1119 1449 1333 1523 &bibimus

270 1569 420 1646 aquarn,
446 1573 553 1646 quarn
567 1604 586 1639 ,‚
605 1552 752 1629 dicente
772 1551 877 1650 Jesu,
901 1557 957 1652 qus·
978 1550 1083 1646 bibis,
1109 1549 1276 1644 nonfirier
1295 1551 1334 1618 in

269 1651 438 1728 eremum.
473 1649 852 1729 Estdcindumenturn
866 1651 1254 1740 exterioris'honrinis‚
1280 1645 1333 1722 eit

270 1747 504 1828 &interioris
517 1753 675 1828 hominis
684 1752 948 1830 indumentum.
986 1748 1232 1842 Etsrquidern
1251 1765 1337 1843 pec·

269 1863 377 1924 cetos
401 1849 465 1932 set,
495 1851 614 1928 induit
636 1849 672 1928 se
695 1849 923 1931 meleditnrm
944 1849 1037 1928 icus
1059 1846 1342 1941 vestimentum,-

270 1947 310 2022 si
324 1961 445 2026 autem
452 1951 567 2050 justus
580 1951 624 2030 fit
630 1995 643 2038 s
666 1953 781 2030 audit:
808 1953 942 2028 indum
954 1975 1012 2024 vos
1028 1953 1205 2024 Dominum
1221 1947 1336 2046 Jesun

274 2049 448 2148 Cirrflunr.
497 2049 568 2130 Etr
594 2053 721 2127 Ierdrite
733 2078 792 2126 vos
807 2053 928 2143 ursona
942 2050 1170 2142 misericordia,
1191 2053 1337 2144 benigni·

274 2166 392 2238 tatem,
427 2151 667 2242 demiiitatem,
699 2153 996 2245 mansuetudinem,
1028 2154 1233 2250 parientiam.
1284 2144 1342 2223 Et'

271 2249 360 2344 quid
376 2249 521 2352 necesse
536 2249 588 2329 est
603 2273 769 2330 enarrare
782 2273 849 2348 per
858 2253 1010 2352 lingula,
1036 2251 1225 2346 quomodo
1242 2249 1345 2326 inte·¹
1394 2323 1398 2340 ,

269 2353 350 2424 rior
365 2349 482 2430 horno
498 2353 690 2428 exterioris
705 2353 864 2430 hominis
875 2351 1111 2444 homonymis
1125 2351 1343 2446 appellarim·

268 2449 379 2524 nibus
399 2449 647 2528 nominetur?
672 2449 784 2528 Arme
804 2453 965 2527 exterior
985 2453 1101 2526 horno
1123 2450 1159 2525 de
1182 2451 1344 2524 interior

269 2549 396 2627 habet.
445 2553 520 2649 Qui
536 2549 733 2630 secundum
751 2553 963 2629 interiorem
981 2551 1167 2623 hominem
1186 2551 1336 2628 militat,

270 2648 435 2726 induitur
449 2652 554 2728 armis
573 2651 668 2748 Dei,
692 2663 736 2726 ut
750 2649 857 2750 poffit
870 2649 961 2725 stare
978 2645 1147 2724 adversus
1161 2647 1345 2724 versutias·

273 2747 422 2829 disboli.
471 2750 544 2828 Sed
554 2750 637 2847 post
652 2753 764 2828 multa
780 2751 966 2846 exempla,
994 2751 1180 2824 veniamus
1195 2747 1338 2844 adhoc,

276 2847 376 2944 quod
391 2850 617 2945 propositum
635 2851 698 2932 est,
734 2849 953 2942 Videamus,
981 2847 1150 2942 quidest,
1176 2851 1276 2941 quod
1296 2848 1339 2928 ss·

274 2935 467 3046 gniicetur
482 2971 527 3024 ex
547 2970 623 3031 eo.
658 2949 760 3046 quod
777 2947 909 3026 ditium
926 2947 1000 3025 est:
1029 2947 1195 3022 Deietim
1213 2957 1252 3020 in
1272 2955 1339 3023 Do·

274 3050 382 3136 mino,
399 3049 447 3126 di
462 3051 549 3122 dabir
565 3053 626 3121 riii
634 3049 810 3154 perniones
829 3053 928 3121 cordis
947 3055 1010 3122 sui.
1061 3049 1255 3126 Sciendum
1268 3051 1344 3147 pri·-

274 3168 374 3224 nruru
391 3145 464 3242 est,
490 3153 572 3243 quir
590 3151 683 3240 hoe,
708 3150 810 3244 quod
826 3151 898 3226 dixi
919 3152 957 3224 in
973 3150 1111 3244 latino,
1137 3150 1287 3226 deletion
1300 3158 1340 3226 in

276 3251 442 3342 Domino,
466 3249 504 3325 in
519 3271 657 3345 green,
681 3252 829 3323 delitiose
844 3257 882 3325 in
904 3255 1060 3338 Domino,
1085 3253 1226 3335 dicitur.
1252 3256 1341 3334 Hoc

276 3349 374 3426 eninr
394 3369 529 3445 grecus
546 3349 662 3428 sermo
679 3352 839 3427 indicat:
863 3351 963 3450 quod
984 3349 1037 3427 est
1058 3373 1347 3462 morgvssoon

275 3449 380 3524 Sicut
402 3469 440 3522 er
464 3469 489 3522 o
514 3449 710 3524 secundum
730 3451 950 3529 exteriorem
969 3451 1156 3530 hominem
1176 3457 1340 3552 poffibils

277 3545 423 3624 estnon
438 3469 553 3624 folum
568 3551 657 3624 cibis
673 3554 749 3641 uti,
773 3571 903 3626 venun
921 3553 1028 3626 etiem
1044 3550 1175 3628 delitiis
1193 3549 1341 3651 perfrui,

278 3647 488 3730 &maxime
503 3650 564 3742 qui
577 3649 709 3725 divites
722 3649 965 3737 sunt‚deiitiis
975 3665 1143 3727 utuntur:
1171 3661 1279 3733 etism
1290 3661 1343 3736 ita

278 3744 433 3826 interior
450 3749 562 3826 homo
585 3750 708 3844 potest
721 3771 799 3824 non
814 3750 929 3826 solum
947 3752 1036 3825 cibis
1052 3754 1131 3847 uti,
1159 3778 1286 3833 verum
1308 3755 1343 3831 dc

279 3847 411 3925 delitiis
425 3847 573 3939 perirui.
624 3850 738 3948 Quod
758 3850 838 3927 iicri
860 3851 936 3928 hoc
952 3852 1065 3928 modo
1088 3858 1254 3936 arbitror.
1303 3854 1342 3932 Si

281 3951 359 4046 quis
376 3948 498 4026 audiat
511 3953 623 4029 verbe
635 3970 680 4030 es
695 3948 947 4040 solumnodo,
972 3973 1051 4053 que
1069 3949 1106 4031 ie
1117 3956 1287 4034 inuisere
1298 3955 1355 4031 ed

1204 4059 1325 4139 urun-
