3242 4609
452 230 1162 363 'sarrcrnuursn'rmoc
1259 263 1335 382 235

352 445 474 546 Parafli
490 445 588 547 cibum
607 447 751 546 motuni?
768 439 861 542 Ua]
882 441 1334 543 ·Cibttmt1uiden1‘spirita·

273 554 346 628 lem
368 548 560 643 intelligit:
593 548 643 620 ait
673 561 791 621 autem
815 541 926 640 ipsum
949 551 1183 640 praeparatum
1207 549 1335 648 fuiss'e3'
1423 564 1425 570 '

275 648 561 746 quandoquidem
577 659 661 720 ante
673 647 795 721 mun'di
807 645 1105 720 constitutionem
1117 645 1334 743 prefinitum

273 752 343 826 fuit
360 748 565 842 mysterium
577 743 727 840 Christi,
755 747 814 839 qui
835 744 885 834 est
900 746 998 838 panis
1006 747 1171 833 „decoelo
1189 748 1332 838 descen}

273 850 383 942 dens,
409 849 566 921 &vitam
584 847 668 919 dans·
688 846 837 921 mundo.
889 843 938 918 Et
954 848 1181 939 providentia
1193 865 1255 925 tua
1273 875 1332 946 pa·

271 966 389 1023 ratum
406 948 484 1043 ipsis
511 948 634 1021 cibum
649 948 853 1041 praebebit,
875 946 946 1037 ita,
980 960 1021 1017 ut
1039 948 1167 1019 nullius
1187 945 1328 1047 egeant
1364 945 1367 966 ²

273 1047 451 1123 Caeterum
470 1045 585 1141 istud,
616 1054 665 1117 ita
688 1053 751 1117 erit
773 1053 961 1142 preparatio
986 1063 1062 1126 rua,
1088 1046 1125 1117 id
1148 1049 1219 1142 est,
1245 1055 1328 1144 quia

273 1169 366 1244 ppus
385 1149 484 1221 tuum
503 1141 571 1238 est,
598 1143 1240 1238 or'dinarcacpraepararehominibus
1252 1151 1330 1250 ista,

274 1271 321 1323 ex
340 1249 466 1340 quibus
483 1247 643 1322 omnium
659 1245 738 1338 ipsas
754 1246 897 1341 copiam
917 1245 1065 1338 praebes.
1103 1238 1218 1321 'Sicut
1234 1255 1332 1332 enim

271 1368 468 1445 preparare
486 1342 628 1420 firmare
645 1358 778 1437 vocat,
804 1348 852 1418 e'o
874 1343 973 1436 quod
988 1345 1075 1434 illa,
1103 1357 1179 1438 qulae
1197 1368 1330 1446 praepa.

270 1460 350 1522 rata
366 1445 472 1538 sunt,
504 1446 671 1539 expedita
688 1440 839 1520 &firma
857 1444 925 1517 smt
944 1445 988 1517 ad
1002 1442 1127 1534 usum;
1152 1444 1200 1519 fic
1221 1451 1330 1529 etiam

272 1548 540 1639 expeditionem
555 1544 660 1638 ipsam
680 1547 835 1639 appellat
847 1543 1161 1638 preparationem
1182 1551 1331 1640 ¹utihoc

271 1651 372 1723 loco.
425 1645 567 1718 Nullius
582 1647 812 1741 indigebunt,
839 1645 1057 1738 quia'omnia
1072 1643 1151 1737 ipsis
1163 1649 1332 1746 expedita

271 1748 354 1821 sunt
373 1745 637 1839 &praeparata,
657 1759 699 1818 ut
716 1746 812 1818 nulia
828 1743 907 1840 ipfis
925 1766 1016 1838 opus
1030 1744 1329 1829 sitsolicitudine:
1401 1836 1403 1845 ,

272 1845 373 1939 quod
392 1860 510 1919 autem
529 1845 703 1937 ejusmodi
727 1843 795 1926 est,
817 1846 927 1919 ¹etiam
944 1844 1067 1928 stabile
1083 1842 1144 1921 est.
1349 1852 1351 1862 '
1419 1908 1421 1912 .

351 1951 389 2017 In
409 1947 573 2035 stillicidiis
590 1946 675 2045 ejus,
702 1944 790 2039 Ue]
818 1944 1009 2035 Paulatim,
1035 1947 1171 2040 inquit,
1196 1946 1329 2026 divinis
1428 2037 1432 2049 ,

269 2047 392 2146 gratiis
405 2044 466 2138 ipsa
480 2045 591 2135 datis,
611 2046 721 2118 laetari
734 2043 768 2118 bt
781 2047 978 2142 ‘germinare
993 2045 1087 2118 illam
1103 2046 1210 2141 facit,
1229 2070 1329 2126 nem·

269 2170 319 2245 pe
344 2143 497 2219 frustum
519 2143 745 2239 spiritualem.
802 2144 983 2240 Intelliges
1010 2159 1128 2219 autem
1153 2146 1328 2225 stillicidia

272 2249 350 2339 ejus
373 2267 418 2319 ex
443 2266 516 2338 eo,
549 2245 647 2336 quod
670 2243 798 2318 ditum
820 2243 871 2317 est
896 2243 941 2316 de
965 2242 1125 2318 Christoi
1159 2249 1328 2339 Descende

261 2351 347 2446 ficui
374 2343 490 2442 'pluvia
510 2350 549 2416 in
570 2346 690 2435 vetus,
713 2343 753 2421 (5
765 2345 851 2443 ficut
872 2343 1032 2442 fliiicidia
1054 2339 1216 2442 fliiantia
1234 2349 1329 2466 fiper

271 2467 403 2523 terram·
1136 2497 1140 2514 t

349 2546 515 2621 Benedices
532 2566 651 2616 corona
667 2547 767 2632 mni,
790 2538 872 2633 Cin]
896 2539 938 2615 In
951 2539 1154 2627 Isaiadicitz
1180 2539 1327 2639 Spiritus

276 2651 413 2719 Domini
425 2645 519 2742 super
539 2667 614 2737 me,
645 2647 866 2742 propterquod
885 2648 986 2714 unxit
1002 2666 1076 2736 me,
1105 2646 1328 2738 evangeiiwe

268 2747 487 2845 pauperina,
511 2744 592 2838 mifit
615 2768 688 2834 me,
706 2744 827 2834 stanam
847 2749 1001 2816 contritos
1019 2744 1131 2834 corde,
1161 2747 1330 2841 predicare

275 2850 411 2943 captivis
434 2840 657 2935 remissionem,
692 2842 732 2921 (5
751 2844 955 2933 coecis'uifttm
969 2890 989 2926 ,‚
1012 2840 1051 2920 U
1071 2869 1181 2917 vocare
1201 2859 1327 2921 annm

275 2951 412 3019 Domini
435 2961 601 3039 acceptum.
658 2940 806 3021 Annum
833 2945 940 3042 igitur
961 2945 1189 3041 benignitatis
1215 2963 1327 3025 voctt

270 3059 413 3140 tempus
431 3041 512 3137 post
526 3042 722 3118 salvatoris
739 3044 851 3118 nostri
865 3044 1169 3137 incarnationem,
1193 3048 1328 3146 quippe

272 3145 373 3238 quod
393 3144 577 3236 quamdam
592 3146 795 3218 ubertatem
818 3143 880 3238 ipsr
902 3145 1050 3221 adferat
1100 3145 1196 3221 Huic
1218 3148 1328 3226 bene.-¹

271 3245 463 3321 ditiionem
480 3243 659 3338 propheta
675 3245 898 3337 precabatur.
1240 3281 1262 3290 -·
1313 3259 1323 3290 ²·

350 3346 550 3439 Pinguescant
572 3341 696 3439 speciosa
718 3344 850 3430 deserti,
873 3338 966 3437 ὅτι]
1000 3341 1080 3419 Hac
1104 3343 1328 3443 benignitate

272 3448 483 3535 exoriente,
518 3443 694 3518 desertum
717 3444 818 3521 dabit
842 3443 1017 3525 fruituma
1051 3443 1249 3542 biennes,
1285 3448 1324 3523 in

272 3548 399 3638 quibus
422 3546 572 3617 litabant
594 3543 843 3635 demonibus,
876 3564 964 3626 eos,
998 3544 1058 3634 qui
1078 3545 1324 3643 euangelicam

267 3647 382 3719 vitam
398 3644 563 3738 ducunt,
589 3644 793 3737 excipient,
830 3641 1028 3715 &illustres
1050 3665 1114 3739 per
1133 3647 1202 3719 hos
1222 3644 1323 3724 fient.
1420 3673 1438 3688 ·

269 3746 487 3845 Quinetiam
501 3744 614 3818 modo
632 3763 757 3818 omnes
774 3756 967 3838 accurrunt
983 3742 1027 3818 ad
1043 3763 1128 3842 cot,
1143 3748 1204 3840 qui
1218 3753 1326 3823 mon·

265 3846 356 3921 tium
370 3844 569 3942 crepidines
588 3857 824 3940 occuparunt.
1274 3865 1279 3878 ¹

1109 3983 1326 4122 a
