3242 4609
815 353 1389 480 suno-ra
1432 395 1567 477 m
1614 343 2214 482 asarmos.
2473 419 2566 500 73

462 560 776 657 eausam,
828 583 969 657 qua
1000 562 1257 659 eripiat
1278 560 1509 657 Justos
1558 557 1723 636 suos
1767 559 2125 638 Dominus
2155 583 2196 638 a
2229 575 2570 658 peeeato·
2723 599 2728 604 ·

460 668 699 762 ribus,
744 663 895 740 five
930 665 1006 738 in
1042 678 1371 758 tempore
1408 662 1688 758 exitus,
1735 661 1884 756 fiye
1913 663 1986 737 in
2021 677 2353 760 tempore
2380 665 2567 757 judi·

460 769 557 842 cii
590 817 618 859 ‚
678 784 839 840 eum
888 764 1036 839 dies
1087 764 1209 838 ille
1249 760 1632 838 secundum
1667 759 2104 856 Prophetam
2143 764 2570 840 neceffitatis

462 865 531 940 ἀ
562 863 932 962 angustiae,
983 863 1135 939 dies
1175 859 1630 938 obscuritatis
1669 860 1738 935 δι
1785 862 2210 956 perditionis
2237 918 2263 958 ‚
2319 865 2572 960 judicii

458 957 613 1042 'dies
644 963 1059 1039 advenerit:
1111 975 1284 1036 tunc
1314 980 1490 1060 ergo
1530 957 1846 1044 causam,
1893 983 2032 1056 qua
2055 964 2234 1060 eripi
2255 985 2574 1040 merean-

464 1078 625 1155 tur,
662 1061 1061 1160 subjungit‚
1099 1062 1167 1137 δι
1193 1061 1415 1154 dicit‚-
1461 1061 1624 1156 quia
1637 1060 2065 1160 speraverunt
2090 1070 2162 1134 in
2190 1088 2349 1137 eum.
2398 1063 2571 1158 Spe-

464 1176 701 1238 rantes
730 1183 905 1262 ergo
934 1164 1007 1237 in
1044 1160 1113 1236 se
1153 1161 1453 1256 eripiet,
1505 1159 1574 1236 δι
1600 1159 1692 1236 de
1724 1159 2191 1237 tribulatione
2223 1163 2294 1236 ἃ.
2325 1163 2415 1240 de
2450 1186 2576 1238 ne·

465 1263 797 1338 ceflitate.
900 1260 1303 1361 Quomodo
1368 1273 1607 1336 autem
1670 1257 1951 1354 sperare
2019 1261 2319 1356 debeat,
2384 1266 2572 1338 volo

466 1364 599 1437 tibi
642 1363 733 1438 de
767 1359 1128 1456 scripturis
1165 1358 1411 1437 sanetis
1445 1359 1843 1434 ostendere.
1943 1358 2146 1436 Sicut
2171 1385 2347 1433 nemo
2387 1364 2578 1460 potest

470 1464 701 1536 dnobus
744 1466 1017 1533 domines
1033 1463 1319 1554 servire,
1371 1461 1473 1533 ita
1503 1481 1727 1533 nemo
1754 1459 1995 1555 potest
2025 1459 2098 1535 in
2129 1461 2412 1535 duobus
2449 1461 2579 1536 do-

470 1563 693 1639 minis.
721 1559 1019 1658 sperare.
1122 1558 1369 1636 Nemo
1427 1556 1668 1653 potest
1713 1559 1788 1632 in
1834 1555 2120 1636 incerto
2167 1561 2580 1638 divitiarum

472 1661 805 1759 sperare,
875 1661 943 1734 δι
1001 1660 1078 1733 in
1142 1660 1494 1737 Domino.
1595 1657 1840 1734 Nemo
1892 1659 2133 1754 potest
2171 1659 2453 1754 sperare
2501 1663 2580 1737 in

458 1761 950 1859 principibus,
1006 1760 1074 1835 δι
1107 1758 1185 1833 in
1218 1759 1411 1835 Deo.
1515 1757 1761 1833 Nemo
1799 1757 2348 1855 potestsperare
2376 1763 2448 1838 in
2477 1763 2584 1837 vi·
2645 1771 2652 1778 '

474 1862 668 1937 ribus
706 1863 913 1953 equi,
969 1858 1038 1934 δι
1063 1859 1139 1931 in
1181 1879 1298 1935 eo.
1396 1856 1645 1934 Nemo
1684 1857 1932 1952 potest
1956 1857 2238 1954 sperare
2268 1860 2342 1936 in
2372 1861 2583 1936 Γεω-

477 1963 557 2036 lo
588 2013 615 2054 ‚
670 1961 735 2035 &
776 1962 851 2033 in
888 1960 1080 2033 Deo.
1179 1956 1333 2032 Nisi
1370 1959 1560 2034 enim
1600 1958 1678 2032 in
1721 1942 1881 2032 solo
1929 1951 2099 2033 Deo
2134 1958 2528 2057 speraveris
2553 2013 2583 2052 ‚

478 2060 547 2135 &
582 2059 832 2134 videat
884 2057 1087 2134 Deus
1118 2055 1307 2152 spem
1342 2070 1538 2133 tuam
1572 2058 1649 2131 in
1697 2057 2025 2132 ioeculum
2065 2072 2408 2135 aeternurn
2443 2057 2586 2136 ess'e

479 2156 948 2252 conversam,
999 2156 1067 2229 δι
1110 2151 1273 2250 qia
1305 2156 1511 2233 aliam
1545 2157 1812 2232 nullam
1847 2157 2148 2232 omnino
2182 2157 2369 2256 spem
2399 2160 2591 2259 gerit

373 2341 377 2365 Ι
479 2260 600 2334 nisi
642 2255 718 2333 iri
764 2254 921 2351 ipso
951 2309 979 2350 ,
1043 2255 1164 2348 qui
1200 2251 1532 2328 vivificat
1560 2271 1945 2351 mortuos,
1998 2255 2068 2334 &
2097 2273 2376 2353 vocat,
2429 2280 2588 2353 quae

481 2380 633 2434 non
670 2356 830 2432 sunt
858 2409 886 2444 ,
962 2367 1299 2445 tanquam
1344 2360 1499 2445 quae
1535 2352 1742 2449 sunt,
1792 2376 1949 2432 non
1991 2357 2270 2452 poteris
2312 2360 2490 2454 eripi
2543 2381 2590 2434 a

479 2457 1011 2555 peccatoribus.
1114 2452 1329 2526 Solus
1362 2451 1466 2525 est
1506 2453 1696 2527 enim
1731 2454 1921 2550 ipse,
1974 2457 2096 2547 qui
2129 2457 2366 2532 salvos
2412 2459 2593 2534 facit

478 2553 839 2653 sperantes
890 2554 965 2629 in
1016 2551 1089 2628 se
1110 2604 1140 2648 ‚
1202 2570 1334 2650 per
1384 2549 1738 2628 Christum
1786 2552 2186 2676 Domimffn
2224 2554 2594 2653 nostrum,

482 2658 622 2836 {ug
666 2653 775 2732 est
834 2651 1071 2756 gloria
1144 2650 1217 2730 δι
1281 2649 1601 2750 potestas
1659 2650 1748 2730 in
1823 2649 2075 2732 &cula
2145 2652 2588 2752 stallorum*
