3242 4609
266 311 314 374 re
469 327 472 334 ·
532 283 626 368 EX
675 276 1065 380 onmem,
1143 317 1146 326 ·

264 462 340 528 tem
362 446 586 530 fecerimus?
619 450 758 547 Utique
778 451 803 532 sr
826 451 872 528 de
898 449 962 528 iste
982 450 1196 543 loquentum
1213 458 1332 542 terra,'

263 569 370 644 quam
391 550 613 644 habitamus,
647 551 684 632 sn
706 555 766 651 qui
789 553 928 632 faciunt
945 551 1172 639 bonitatem,
1207 548 1242 622 δι
1269 549 1337 640 qus.

262 670 342 726 non
355 648 516 748 faciunt,
542 654 704 730 habitant
725 658 817 732 hane
836 668 979 730 terram.
1029 647 1256 744 Superfluum
1275 668 1343 728 er·v

257 770 312 846 go
334 749 480 825 videtur
505 751 575 830 esse
596 753 822 846 mandatum,¹
845 751 1108 853 sintelligatur
1123 749 1200 827 haec
1221 762 1328 826 terra.
1365 839 1368 844 y

260 847 334 922 sed
355 850 569 944 videamus,
594 873 641 930 ne
656 853 755 933 forte
774 856 870 932 illam
891 852 986 932 dicat
1002 865 1157 942 terram,
1189 848 1234 926 de
1260 870 1331 943 que

260 945 430 1042 scriptum
454 950 525 1045 est,
552 953 634 1048 quia
652 953 771 1032 semen
796 954 892 1032 aliud
914 951 1046 1030 cecidit
1070 947 1329 1044 superterram

260 1047 418 1142 bonam,
438 1051 522 1142 'quae
539 1055 659 1130 attulin
676 1052 852 1152 frustum,
877 1053 915 1130 in
936 1072 1006 1147 qua
1028 1070 1126 1128 nunc
1145 1063 1240 1126 terra
1259 1067 1327 1122 cor

261 1148 437 1226 auditoris
452 1149 637 1249 fignificari
655 1153 811 1234 videtur.
862 1152 969 1232 Hane
987 1170 1076 1246 ergo
1089 1149 1257 1247 jubemur
1271 1150 1328 1222 in·

258 1247 443 1342 habitare,
470 1253 543 1328 hoc
565 1252 638 1347 est,
662 1275 741 1332 non
758 1252 901 1350 longius
928 1252 1095 1352 evagari,
1128 1270 1205 1326 non
1230 1249 1327 1324 ultre

178 1378 180 1393 =
210 1393 213 1402 ·
242 1348 422 1441 -citraque
437 1350 653 1445 discurrere,
679 1351 739 1434 sed
753 1356 943 1444 habitare,
969 1347 1212 1426 &consrstere
1231 1347 1327 1438 intra

260 1449 385 1536 animae
406 1450 536 1530 nostre
558 1454 752 1547 terminos,
778 1455 813 1533 ἀ
835 1450 1058 1531 confiderare
1078 1471 1155 1526 eam
1178 1446 1327 1546 diligenf

227 1637 230 1644 ,
258 1548 332 1624 tius
348 1561 455 1644 atque
468 1549 561 1630 effici
577 1553 654 1648 ejus
671 1557 829 1654 agricola
849 1553 939 1632 ficut
954 1551 1024 1630 suit
1036 1549 1145 1638 Noe,
1171 1549 1205 1623 &
1222 1548 1327 1644 plan·

257 1659 337 1724 tare
348 1648 385 1724 in
396 1670 438 1724 ea
453 1652 616 1746 vineam,
643 1654 861 1756 &excolere
879 1667 1031 1746 terram,
1057 1649 1326 1747 quaeintranor

257 1745 333 1839 est,
358 1747 488 1828 nostrae
502 1754 626 1832 anime
640 1755 819 1834 innovare
841 1753 1011 1843 novalia,
1036 1750 1163 1828 &non
1179 1745 1327 1824 semina·

257 1865 299 1922 re
319 1843 423 1944 super
442 1849 579 1944 spinas:
606 1853 777 1932 videlicet
799 1875 879 1930 cum
905 1853 1053 1930 animam
1071 1846 1225 1923 nostram
1241 1867 1327 1940 pur·

256 1967 380 2124 {emus
396 1953 531 2027 avitiis
546 1954 870 2048 &incultesetque
881 1951 1024 2046 asperos
1038 1968 1158 2026 mores
1171 1948 1214 2021 ad
1226 1968 1325 2024 man-

215 2085 222 2091 -
273 2047 480 2127 uetudinem
505 2051 634 2132 Christi
654 2053 866 2136 imitationis
890 2053 1117 2134 excolimus,
1144 2047 1247 2125 &ite
1263 2048 1324 2124 de

255 2167 355 2240 mum
366 2169 412 2226 ex
423 2155 600 2232 virtutum
614 2155 749 2232 divitiis
761 2153 946 2248 pascimur.
995 2149 1129 2243 Neque
1149 2148 1243 2224 enim
1257 2167 1325 2243 pu·

218 2319 221 2324 .
256 2245 405 2327 tandum
425 2249 497 2345 est,
523 2255 668 2353 praecipi
680 2256 787 2333 nobie
803 2271 963 2334 terrenas
982 2250 1126 2329 divitias
1142 2268 1323 2345 querere,

255 2365 342 2440 quas
358 2364 593 2432 contemnere
601 2355 768 2445 jubemur
783 2355 818 2432 sn
832 2352 1008 2453 spernere.
1061 2348 1127 2422 Ait
1141 2367 1249 2447 ergo:
1266 2350 1325 2420 ln·

254 2443 367 2520 nahita
386 2467 517 2527 terram.
573 2454 660 2532 Hoc
674 2455 726 2535 est
740 2476 852 2556 ergo,
886 2455 1011 2533 animm
1030 2451 1100 2525 t'uae
1116 2447 1251 2547 semper
1271 2444 1323 2524 as-

254 2545 355 2642 fiste,
386 2548 436 2628 ibi
454 2549 591 2653 semper
613 2577 810 2654 permane,
837 2551 1020 2632 &excole
1043 2562 1174 2636 terram
1198 2562 1319 2647 tuam,

253 2659 316 2740 ut,
351 2667 433 2728 cum
459 2653 641 2734 abundare
665 2657 814 2753 ceperis
844 2651 987 2749 Justitiae
1012 2646 1203 2739 messibus,
1229 2662 1320 2723 tunc

252 2749 404 2845 pasceris
424 2753 462 2828 in
483 2753 620 2832 divitiis
643 2759 731 2853 ejus.
781 2753 881 2856 Quid
894 2750 946 2830 est
960 2763 1080 2832 eutem
1094 2746 1188 2846 pasci
1209 2748 1246 2823 in
1267 2745 1320 2820 di·

252 2846 354 2922 vitiis
374 2849 478 2946 ejus?
506 2856 602 2954 Quia
619 2857 827 2956 quodcumque
837 2854 1049 2946 seminaverit
1071 2853 1183 2928 nomo,
1206 2847 1262 2920 noc
1278 2844 1320 2926 θ’

252 2961 360 3024 meret.
410 2947 486 3042 Et,
507 2958 565 3052 qui
574 2955 717 3044 seminar
732 2959 770 3030 sn
790 2979 908 3039 carne,
934 2955 971 3028 de
982 2976 1078 3025 carne
1095 2963 1191 3023 meret
1206 2969 1328 3021 corre·-

248 3052 402 3148 ptionem.
453 3054 523 3147 Qus
534 3069 641 3126 autem
652 3055 795 3145 seminar
812 3064 849 3128 ἐπ
861 3055 1005 3144 spiriru,
1030 3053 1067 3125 dr
1081 3051 1204 3148 spiritu
1221 3062 1319 3122 meter

198 3229 202 3238 ,
250 3152 357 3224 viram
372 3167 533 3230 aternam.
559 3151 596 3227 Si
609 3168 728 3232 nutem
738 3154 878 3232 habites
890 3165 1021 3231 terram
1035 3165 1148 3243 tuam,
1165 3146 1317 3244 &ipsam
1343 3194 1345 3197 -

249 3248 290 3330 in
305 3247 428 3344 spiritu
443 3252 620 3336 &nonin
636 3275 744 3331 earne
764 3254 1014 3344 seminaveris,
1039 3250 1191 3349 pasceris
1211 3250 1248 3324 in
1264 3249 1317 3322 di·

249 3348 350 3424 vitiis
370 3350 473 3446 ejus,
498 3354 588 3430 srcut
603 3375 697 3431 oves
720 3357 812 3446 ille,
828 3375 916 3447 pune
937 3355 973 3430 in
990 3352 1079 3428 loco
1100 3349 1204 3423 viridi
1220 3344 1317 3444 pasci

248 3448 442 3545 dicuntur,
469 3451 514 3531 de
530 3451 658 3547 quibus
684 3453 772 3532 dicit
794 3454 910 3533 sermo
930 3453 1073 3542 divinus
1092 3474 1102 3528 r
1132 3455 1171 3523 ln
1185 3452 1245 3520 loco
1260 3453 1328 3519 vi·-

249 3551 317 3622 ridi
332 3550 380 3619 isi
397 3576 443 3624 me
456 3556 627 3628 cosocavs'r.
676 3554 786 3632 Unde
808 3551 974 3646 constat,
1001 3550 1101 3644 quod
1125 3549 1314 3640 unusquis-

250 3669 321 3746 que
334 3649 496 3730 nostrum
511 3651 585 3750 ipse
597 3651 660 3728 fibi
672 3668 846 3750 praeparat
859 3655 952 3730 intre
963 3651 998 3726 se
1011 3653 1137 3728 locum·
1146 3649 1314 3744 viridem,

247 3748 286 3825 in
303 3767 376 3842 quo
389 3750 543 3843 pascitur
558 3773 579 3828 e
595 3752 787 3848 Domino,
815 3774 895 3832 cnm
912 3771 1019 3848 agros
1033 3749 1155 3824 rnsmae
1167 3747 1234 3824 suae
1251 3770 1314 3821 ex-

250 3850 358 3943 colit,
384 3850 465 3930 &in
481 3851 603 3948 spiritu
619 3851 791 3933 seminans
813 3851 950 3951 semper
969 3849 1014 3929 ad
1037 3851 1195 3936 lentiam
1216 3846 1314 3946 spiri·

247 3949 329 4026 telis
353 3953 502 4032 culture
524 3952 680 4035 adducit„
1197 4050 1231 4120 D

643 4073 646 4080 .
1143 4069 1179 4142 4·
1232 4070 1261 4121 ε,
