3242 4609
313 353 321 363 ,
405 335 409 342 ·
465 319 1161 428 sotter-urursutuos.
1220 291 1340 432 rari

370 721 380 730 ,
464 595 469 600 ’
555 579 1068 756 rszffl‘uusou.

278 847 287 858 -.
347 797 451 868 emedio
474 801 586 871 amima
601 822 668 871 mro
696 803 858 885 Domino,
884 794 925 888 ti
944 802 1068 885 ommia,
1089 823 1157 897 qrrae
1175 804 1266 872 intro
1289 789 1337 874 me

364 897 469 985 sunt,
495 904 621 970 nomini
639 898 749 996 suardio
773 904 862 995 ojus,
894 896 991 993 dra]
1028 897 1126 972 Intra
1152 900 1338 976 hominem

224 1053 235 1068 κ
279 996 490 1070 interiorem
523 996 603 1072 suot
633 998 822 1072 facultates
856 1000 1101 1094 intelligendi,
1133 1003 1336 1096 cogitandi,

280 1095 467 1185 intuendi,
507 1098 798 1193 interpretandi,
832 1099 1074 1197 imaginandi,
1115 1098 1148 1173 dt
1182 1098 1336 1174 reminis-

279 1197 397 1270 cendi.
1378 1203 1381 1208 '

355 1296 576 1368 Rruooobiiur
595 1313 634 1369 rit
647 1300 761 1397 oquiiae
776 1302 934 1395 juventur
952 1315 1029 1386 tuo,
1053 1296 1143 1390 or]
1168 1294 1335 1371 Senediu·

278 1407 354 1466 tem
370 1397 470 1477 exuit
492 1399 630 1489 aquila,
657 1398 953 1489 quemadmodum
975 1397 1009 1472 dt
1031 1399 1143 1471 homo
1169 1412 1334 1472 veterem

278 1493 460 1666 {³⁰52}QO
484 1499 613 1591 exuit,
639 1502 700 1590 qui
722 1499 963 1593 corrumpitur
986 1497 1177 1572 secuudum
1200 1498 1334 1571 erroris

305 1614 349 1665 cr
376 1613 457 1668 erra.

350 1696 513 1787 Quoniam
534 1695 698 1783 secumdum
717 1698 922 1768 altitudinem
936 1699 1003 1769 coeii
1017 1723 1038 1770 o
1054 1713 1143 1769 terro
1160 1695 1334 1767 corroboro·

273 1795 331 1863 vii
357 1800 514 1863 Dominus
539 1797 776 1882 misericordiam
787 1797 879 1887 suom
892 1801 987 1893 super
1009 1807 1155 1869 timentes
1169 1801 1218 1883 ie,
1244 1792 1331 1888 ot]

276 1894 589 1989 Quemadmodum
605 1897 779 1970 exaltavit
795 1919 882 1989 eos,
909 1900 967 1989 qui
983 1900 1019 1969 in
1041 1899 1136 1969 coeiis
1154 1894 1258 1990 sunt,
1284 1896 1332 1990 iic

274 1989 436 2066 misertus
456 1994 506 2066 est
527 2015 675 2089 eorum,
702 2000 759 2088 qui
780 1997 929 2070 interra
948 2000 1075 2071 timent
1092 2013 1183 2070 eum.

357 2094 456 2162 Homo
464 2094 547 2189 ficut
564 2096 688 2185 sonum
706 2099 770 2164 dies
792 2096 877 2193 ejur,
905 2096 1125 2194 tomqromflos
1139 2101 1208 2187 agri
1225 2095 1267 2187 fic
1282 2094 1331 2185 ef·
1388 2113 1390 2118 '

266 2190 412 2290 florebit,
427 2190 511 2287 diu]
538 2194 622 2267 Hoc
634 2196 720 2268 loco
733 2195 845 2267 homo
861 2213 1020 2269 naturam
1030 2198 1065 2267 in
1075 2214 1205 2290 genere
1214 2193 1331 2266 osten·

272 2290 348 2364 dit:
374 2313 456 2365 nam
479 2295 594 2367 omnis
617 2295 729 2368 homo
746 2308 999 2389 temporaneus
1023 2293 1255 2385 &mortalis‚
1279 2291 1330 2367 fa·

275 2392 343 2464 cile
357 2391 574 2474 marcescens
596 2393 630 2467 &
655 2394 821 2470 caducus.

350 2494 513 2586 Quoniam
526 2495 665 2589 spiritur
683 2495 867 2591 perrranfiir
889 2498 926 2563 im
945 2494 1013 2577 ido,
1038 2492 1077 2571 ὕ
1092 2516 1158 2564 mom
1174 2490 1326 2588 [uififlen

275 2587 363 2685 dio]
388 2590 471 2666 Post
486 2608 641 2666 mortem
658 2595 774 2668 anima·
785 2616 861 2667 non
878 2591 1024 2671 subsistit
1037 2594 1074 2665 in
1091 2593 1158 2664 hac
1172 2592 1260 2665 uita.
1424 2679 1426 2684 Ι

348 2694 571 2773 Misericordia
586 2698 720 2765 Domini
732 2697 772 2764 ai
785 2711 922 2777 aterno,
947 2692 986 2768 (5
1007 2711 1103 2790 utque
1120 2697 1158 2760 im
1175 2707 1327 2761 aramum
1428 2787 1430 2794 Ι

267 2790 362 2887 super
385 2798 642 2881 umentorum,
675 2793 757 2886 dio]
791 2795 879 2866 Vita
898 2792 1061 2867 sensibilis
1079 2812 1156 2866 non
1172 2805 1326 2882 eterna,

272 2889 513 2974 misericordia
531 2908 648 2968 autem
667 2893 815 2968 Domini
833 2909 965 2966 aeterna
983 2892 1043 2967 est.

249 2999 280 3018 '‘
351 2993 398 3061 Et
406 2985 634 3087 justitio'idiur
646 2995 945 3087 imfiiiosfiiiorum,
972 2994 1052 3085 or]
1077 2989 1155 3064 Filii
1169 2986 1326 3062 filiorum
1400 3009 1402 3018 '

272 3091 372 3169 suut,
397 3092 457 3183 qui
473 3092 635 3166 eumdem
654 3091 812 3188 spiritum
830 3093 1036 3188 adoptionis
1050 3088 1206 3163 filiorum
1226 3108 1325 3160 rece·

294 3206 411 3264 erunt.
1093 3251 1097 3258 .

268 3214 292 3287 p
348 3292 395 3361 Et
414 3316 554 3362 memores
566 3290 647 3378 sumi
662 3293 884 3364 mandatorum
905 3292 1017 3388 ipius,
1045 3291 1126 3380 dra]
1150 3287 1215 3362 Ille
1229 3306 1344 3362 manv

272 3389 437 3466 datorum
451 3412 588 3466 memor
603 3391 675 3484 est,
702 3394 761 3484 qui
782 3391 975 3465 secundum
991 3389 1051 3464 iila
1068 3389 1174 3463 vivit.

349 3492 397 3562 Et
420 3517 544 3586 regnum
569 3492 662 3589 ipftrrr
687 3496 828 3563 ommibus
850 3491 1083 3584 dominabitur,
1109 3486 1201 3581 dio]
1234 3483 1323 3577 Ejus
1398 3546 1400 3552 .

268 3611 441 3686 regnum,
473 3611 547 3682 quo
569 3590 736 3682 mundum
764 3590 956 3683 condidit,
987 3589 1153 3664 omnibus
1180 3585 1323 3676 quidem

268 3689 496 3778 dominatum
522 3692 621 3781 quod
635 3707 725 3764 vero
742 3689 934 3763 secundum
948 3689 1127 3763 scientiam
1146 3688 1324 3760 habetare-

268 3811 400 3887 gmmr,
432 3811 512 3862 oon
534 3792 718 3882 omnibus,
745 3811 823 3883 quae
839 3791 876 3861 in
896 3790 1028 3885 tertia,
1055 3786 1114 3862 sed
1136 3785 1323 3882 omnibus,

272 3911 350 3994 quae
366 3890 403 3980 iu
419 3890 515 3964 coelis
537 3888 637 3985 suut,
662 3889 877 3968 dominatur.

776 4084 866 4186 Ἡ
