3242 4609
275 337 375 412 aa·
457 379 462 384 -
544 323 636 401 Ex
686 303 1097 400 unietur·

276 495 353 572 Dei
373 487 425 565 est
441 490 580 580 virtus,
605 486 639 561 u
658 486 732 559 Dei
749 484 931 582 sapientia.
982 485 1018 559 Si
1035 488 1141 584 igitur
1158 483 1334 570 Christum

276 589 657 686 semperioquamini,¹
671 586 696 660 fi
711 587 850 680 semper
871 587 947 679 ejus
964 589 1075 660 verba
1091 589 1333 686 meditemini,¹

277 696 512 787 srpraecepta
525 690 601 780 ejus
627 688 664 759 in
687 705 753 759 ore
775 688 953 778 teneatis,
978 686 1094 783 ¹digne
1114 699 1157 760 σε
1175 690 1333 767 vestrum

275 790 511 870 meditabitur
533 786 751 880 sapientiam.
774 855 778 860 .
814 785 947 877 Neque
973 790 1067 882 enim
1087 790 1163 860 haec
1185 791 1261 863 sola
1288 791 1346 866 eit·

277 889 462 984 sapientie
471 887 681 965 meditatio,
706 885 826 977 siquis
840 887 975 959 docere
990 886 1219 980 potest,·uel
1234 893 1335 966 latiur

278 989 318 1064 i'n
332 984 491 1062 Ecclesia
505 983 704 1078 disputare,
730 984 1025 1058 contradicentes
1038 989 1243 1063 revincere.
1279 985 1336 1064 Est

279 1084 483 1182 quidem&
509 1085 582 1158 hoc
606 1105 699 1177 opus
723 1082 932 1184 sapientiae,
966 1082 1141 1184 sedatius·
1163 1091 1334 1184 amplius,

280 1190 372 1263 aliua
395 1198 515 1260 autem
540 1185 667 1258 minus.
717 1182 758 1256 ln
781 1185 853 1256 alio
872 1183 946 1256 hoc
968 1182 1105 1279 ipsum,
1139 1189 1240 1276 qu'od
1265 1207 1334 1264 ere·

279 1289 335 1361 dit
347 1285 417 1359 Dei
428 1282 630 1378 sapientiae,
655 1280 826 1377 sapientia
839 1295 1040 1375 reputatur:
1064 1286 1101 1356 in'
1117 1289 1188 1357 alio
1205 1286 1334 1383 &hoa

279 1386 381 1479 quod
398 1380 590 1475 acquiescit
599 1380 835 1476 sapientibus,
856 1380 994 1456 &amat
1007 1381 1097 1455 diua
1112 1383 1335 1488 sapientium,

281 1485 453 1577 sapientia
477 1481 630 1554 dicitur:
666 1484 966 1555 nonnullis³vero
990 1484 1096 1555 etiam
1116 1484 1351 1582 interrogat-²

281 1587 378 1657 tibus
395 1582 648 1653 tantummodo
671 1581 717 1653 de
733 1583 927 1675 sapientia,
952 1580 1122 1674 sapientia
1138 1599 1335 1675 reputatur.

204 1763 212 1774 „
272 1681 374 1758 'illud
388 1678 501 1754 solum
522 1678 714 1753 observate
729 1679 878 1768 fratres,
904 1684 952 1752 ne
969 1683 1046 1771 quis
1064 1678 1221 1755 vestrum
1239 1685 1337 1759 inve·

280 1777 620 1856 niaturnons01um
640 1798 718 1853 non
731 1780 834 1871 loqui
845 1793 917 1852 nec
932 1781 1092 1853 meditari
1110 1779 1337 1876 sapientiam,

282 1900 411 1954 verum
431 1875 609 1971 uouisse,
636 1891 743 1968 atque
766 1878 940 1952 aduersari
955 1880 1017 1969 iis,
1044 1881 1104 1970 qui
1124 1878 1278 1956 studium
1295 1883 1339 1958 sa·-

281 1981 427 2076 pientiae
444 1992 584 2074 gerunt.
634 1977 763 2052 Solent
785 1981 881 2053 enim
900 1980 1054 2074 imperiti
1077 1980 1210 2052 habere
1232 1985 1338 2084 etiam

282 2076 374 2153 istud
394 2096 475 2150 cum
498 2078 637 2150 caeteris
658 2075 839 2170 pessimum
855 2075 1012 2158 uitium,
1036 2091 1078 2150 ut
1092 2073 1218 2152 inane's
1238 2075 1335 2154 &sir-

283 2175 445 2274 perfluos
462 2190 593 2269 putent
612 2198 704 2255 eos,
728 2178 788 2268 qui
808 2178 924 2250 uerbo
946 2177 979 2249 dt
999 2175 1169 2251 dotirinae
1189 2201 1338 2276 operam

283 2276 472 2368 dederint,
505 2274 540 2348 δι
565 2273 826 2369 amplctiuntur
852 2278 961 2373 magis
986 2278 1199 2370 imperitiam
1223 2279 1338 2378 suam,

285 2396 390 2468 quam
411 2376 556 2449 iliorum
574 2373 686 2447 studia
703 2395 744 2448 ac
761 2377 947 2449 laborem:
981 2380 1200 2468 mutatisque?
1217 2380 1340 2454 ‘nomi-

230 2534 234 2544 ,
282 2477 388 2550 nibus
413 2477 584 2548 exercitia
603 2495 729 2549 corum
753 2476 1036 2556 verbositatem,
1062 2473 1155 2549 suam
1171 2465 1339 2553 veroin·

283 2576 544 2649 docibilitatem
576 2576 635 2648 vel
661 2578 873 2669 imperitiam
901 2575 1160 2669 simplicitatem
1189 2589 1336 2654 vocant.

282 2672 454 2769 Optimus
484 2689 606 2747 tamen
634 2669 679 2747 a·
699 2677 761 2747 iiie
787 2671 859 2753 est,
893 2677 951 2763 qui
978 2673 1340 2769 sapientiam-probat

283 2772 438 2866 adiibua,
466 2772 500 2845 dt
521 2770 591 2845 effe
610 2771 747 2866 sapiens
765 2774 851 2844 vitae
865 2771 931 2844 suae
954 2777 1137 2867 probitate
1154 2777 1339 2871 cognosci·

282 2885 353 2947 tur.
402 2871 537 2960 Beatus¹
555 2890 668 2968 ergo,
700 2874 761 2963 qui
786 2890 830 2943 os
853 2872 951 2945 suum
970 2875 1086 2972 aperit
1107 2877 1223 2946 verbo
1247 2875 1339 2969 Dei,

283 2971 320 3044 dt
341 2965 537 3064 proficient
564 2982 669 3043 aetate
692 2969 885 3044 secundum
908 2968 1084 3048 Christum
1109 2969 1280 3064 proficiet
1303 2973 1349 3048 δι’·

278 3069 467 3166 sapientia.
517 3065 664 3142 Certesr
686 3072 837 3164 amplius
850 3089 927 3144 non
944 3071 1126 3164 possumus
1147 3075 1183 3144 in
1204 3072 1341 3165 sapien·

245 3257 249 3270 ¹
282 3171 334 3244 tia
351 3164 554 3263 proficere,
577 3166 701 3242 saltem
720 3170 807 3242 iliud
827 3168 1018 3244 observare
1035 3191 1112 3244 non
1130 3174 1270 3269 pigeat,
1300 3175 1338 3247 in

281 3267 425 3366 psalmia
437 3267 474 3340 u·
487 3267 630 3361 hymnis
647 3269 681 3341 dt
697 3272 847 3342 canticis
869 3269 1128 3362 spiritalibus&
1147 3273 1184 3343 in
1204 3274 1340 3345 oratio-

281 3369 412 3444 nevel
438 3367 582 3441 honore
599 3365 670 3441 Dei
693 3367 918 3462 frequentius
939 3371 1076 3462 aperire
1101 3369 1339 3449 osnostmm.

203 3537 205 3542 .
281 3453 348 3541 Est
363 3468 459 3541 enim
480 3465 514 3539 ta
538 3467 615 3540 haec
638 3487 715 3542 non
731 3489 842 3563 parva
861 3467 1040 3562 sapientie
1062 3472 1272 3561 meditatio,
1297 3481 1340 3544 ut

281 3587 349 3664 per
367 3566 442 3641 hoc
459 3567 668 3640 inveniatur
687 3566 826 3663 semper
849 3586 892 3639 os
906 3565 989 3661 justi
1006 3566 1213 3659 sapientiam
1229 3571 1340 3644 medi·

280 3668 361 3741 tari.
411 3664 503 3740 Non
527 3677 647 3739 tamen
673 3667 760 3741 mihi
788 3668 932 3740 videtur
952 3663 1136 3746 otiosum,
1161 3670 1340 3759 quianon

281 3765 395 3845 dixit,
429 3785 472 3838 or
488 3762 571 3856 J‘usti
584 3759 816 3858 meditatur,
848 3766 947 3857 quod
968 3768 1094 3858 utique
1115 3768 1158 3842 ad
1183 3767 1339 3859 praesenr

243 3953 246 3960 ,
280 3876 426 3962 tempus
435 3862 593 3959 spectare
602 3876 766 3955 poterat,
792 3864 851 3939 sed
867 3864 975 3958 dixit,
1000 3868 1204 3938 meditabitur
1214 3869 1339 3962 sapien-

275 3974 387 4052 tiam:
419 3964 520 4061 quod
533 3962 611 4042 srne
631 3963 745 4040 dubio
763 3964 809 4045 ad
830 3962 992 4043 futurum
1013 3965 1157 4063 respicit
1173 3982 1339 4082 tem-pus,

628 4107 631 4112 ·
1242 4086 1282 4142 ut
