3242 4609
559 285 643 365 rx
694 272 1069 362 urrunnu
1141 225 1154 356 ᾗ..

334 512 337 519 .
356 498 397 535 ,ἣ
415 477 458 528 n:
484 457 634 527 nimbo
649 445 718 520 Dei
733 442 766 518 dt
779 437 923 516 scientia
936 439 1122 533 veritatis,
1144 439 1265 537 idest,
1288 445 1349 537 qui

306 583 480 641 Mem
500 553 641 627 'durium
658 546 758 620 dives
774 539 825 614 est
839 539 875 614 in
894 541 993 614 omni
1011 539 1174 614 verbo&
1194 543 1231 625 in
1246 546 1348 618 omni

304 682 368 742 Q„
386 684 459 739 fu,
482 655 514 729 ,i
536 645 762 723 nihilominus
784 639 885 714 dives
904 640 1014 714 estin
1032 642 1203 733 operibus
1222 644 1345 724 bonis.

295 786 327 839 x
353 779 461 832 mrim
478 753 531 824 ris
547 747 654 838 scire,
680 737 830 835 quidest
847 740 995 816 divitem
1013 739 1083 818 effe
1096 741 1134 813 in
1151 745 1249 816 omni
1264 765 1345 818 ver·

295 884 368 941 ,χχ
402 851 558 931 metirer
582 859 621 920 te
639 843 793 918 docebo.
826 837 966 935 ·lncipe
989 839 1164 916 discutere
1183 863 1202 915 a
1224 844 1344 936 primo

291 968 405 1035 „eno
421 945 623 1030 Geneseoe,
647 939 729 1016 inde
746 939 785 1012 in
810 940 926 1014 verbo
946 938 1088 1034 Exodi,
1114 939 1196 1038 post
1215 944 1345 1019 haecin

289 1063 405 1133 inuno
427 1045 599 1136 Levitici,
623 1041 661 1114 in
676 1037 865 1130 Numeris,
891 1038 930 1116 in
952 1038 1269 1135 Deuteronomio,
1293 1044 1344 1118 di·-

287 1154 383 1235 rei'ce
405 1152 450 1224 de
472 1143 553 1243 Jesu
575 1139 704 1221 Nave,
738 1133 870 1212 ditesce
896 1139 941 1212 de
966 1142 1135 1214 omnibus
1159 1141 1258 1216 omur
1283 1143 1345 1238 Ju-¹

287 1257 452 1334 dicione,
492 1241 626 1335 &jum
659 1237 743 1312 inde
774 1257 838 1332 per
879 1237 1169 1332 consequentiam
1195 1241 1247 1316 de
1279 1243 1346 1318 sm·

285 1357 375 1454 gulis
410 1348 607 1439 quibusque
637 1336 818 1431 scripturae
853 1338 983 1413 divino
1022 1340 1121 1413 libris
1152 1361 1343 1436 usquequo

284 1448 473 1551 pervenias
506 1441 548 1514 ad
585 1435 823 1535 Evangelicae
858 1437 1144 1534 apostolicasque
1185 1441 1344 1519 divinas.

282 1553 379 1632 Nam
415 1540 516 1616 verbi
550 1537 733 1629 ceusu.,s1
768 1538 844 1630 quis
880 1540 942 1612 uni
973 1542 1091 1612 uerbo
1123 1536 1343 1618 Psalmorum

284 1667 428 1746 operum
447 1637 630 1729 dederit,
649 1638 684 1710 dc
708 1637 887 1734 integrum
906 1635 1137 1732 psaiterium,
1166 1659 1248 1717 cum
1273 1663 1343 1716 vo·

224 1736 229 1746 ’
282 1747 415 1835 inerit,
442 1739 560 1830 canit,
585 1735 688 1811 dives
715 1735 766 1810 est
798 1735 963 1829 quidem,
996 1733 1155 1813 sed-oon
1180 1740 1218 1812 in
1243 1743 1344 1816 omni

281 1849 399 1923 uerbo
419 1855 528 1932 atque
547 1837 645 1912 omni
661 1833 830 1930 scientia,
855 1837 914 1910 sed
929 1835 980 1911 cst
998 1837 1100 1912 diver
1116 1839 1152 1910 in
1166 1834 1245 1934 soio
1260 1853 1344 1916 ver-

280 1949 333 2024 bo
346 1933 525 2038 psalterii.¹
560 1936 633 2010 Vei
650 1936 675 2010 fr
694 1938 771 2030 quis
786 1937 1001 2034 evangelice
1013 1951 1121 2030 atque
1135 1937 1342 2030 apostolico

278 2039 427 2122 lediioni
441 2037 592 2118 studium
612 2036 773 2125 tribuat,
806 2035 894 2110 &in
914 2036 1086 2110 mandatis
1104 2041 1196 2114 novi
1217 2037 1343 2116 Testa.-

278 2141 392 2224 menti
407 2134 626 2232 semetipsum
648 2148 837 2227 exerceat,
864 2135 1164 2230 diverest&hic,
1191 2137 1341 2216 sednon

277 2243 316 2320 in
337 2239 436 2312 omni
448 2233 676 2325 verbo‚'nis1
689 2232 902 2330 evangelico
919 2236 1106 2311 tantum&
1125 2238 1348 2334 apostolico.¹

278 2342 315 2416 Si
341 2358 434 2412 vero
452 2335 615 2428 potuerit
636 2355 776 2416 novum
800 2352 843 2406 ac
868 2350 974 2409 vetus
993 2335 1241 2412 testamentum
1264 2345 1357 2432 pari.

276 2438 396 2518 studio
407 2434 583 2526 ediscere,
604 2449 716 2527 :utque
727 2456 771 2507 err
787 2435 886 2508 omni
904 2437 979 2528 ejus
990 2437 1340 2536 eruditioneinstrui,

276 2540 328 2616 ita
344 2549 385 2610 ut
399 2549 542 2632 putatur
560 2533 764 2619 sit-reddere
780 2535 959 2610 rationem
976 2535 1021 2610 de
1035 2535 1175 2631 singulis
1188 2541 1340 2630 quinus.

277 2659 368 2730 que,
395 2656 472 2728 quae
486 2633 615 2727 scriptu
631 2631 731 2724 su'nt,
758 2633 1030 2708 &vitum-suam
1047 2634 1238 2714 secundum
1256 2659 1339 2714 ver-

275 2739 362 2814 bum
381 2735 545 2808 veritatis
562 2734 660 2827 ejus,
685 2753 762 2824 quae
774 2734 810 2805 in
827 2731 1006 2826 scripturis
1018 2735 1339 2832 concinetur-apra·

275 2857 335 2910 re:
360 2833 424 2906 iste
439 2855 532 2908 vero
546 2832 649 2904 dives
670 2831 770 2904 estin
790 2832 888 2905 omni
905 2833 1068 2907 verbo&
1085 2835 1233 2908 inomni
1251 2856 1338 2932 ope·

274 2957 318 3011 re
335 2937 449 3008 bono.
500 2930 550 3004 Et
562 2929 643 3003 istas
657 2945 747 3024 puto
770 2928 839 3005 effe
855 2931 1019 3027 divitiae,
1037 2933 1082 3006 de
1104 2936 1231 3026 quibus
1250 2937 1335 3012 dici

274 3048 357 3110 tur:
387 3034 545 3108 Redemtiu
559 3036 674 3100 animae
695 3035 766 3100 viri
783 3038 918 3128 propria
942 3035 1070 3105 divitia
1087 3037 1162 3130 ejus.
1214 3039 1338 3110 Melini

275 3153 366 3230 ergo
380 3135 528 3202 modicum
538 3131 620 3227 justu
633 3130 728 3225 super
745 3131 880 3204 divitias
894 3150 1086 3228 peccatorum
1107 3135 1237 3207 multas.

352 3255 385 3322 7,
414 3236 573 3324 Quoniam
585 3231 713 3301 brachio
724 3247 917 3321 peccaturum
929 3248 1141 3305 conterentur.
1169 3237 1336 3334 Quomo-

274 3333 325 3408 do
348 3330 469 3423 potest
495 3333 567 3402 hoc
586 3328 778 3406 secundum
797 3331 937 3405 literam
958 3329 1074 3426 stare,
1101 3334 1207 3408 etiam
1233 3334 1335 3407 stali-

274 3434 352 3523 quis
366 3433 441 3504 vim
459 3429 579 3502 facere
594 3446 747 3502 conetur
764 3452 829 3524 per
849 3430 1088 3524 imperitiam?
1114 3432 1204 3505 Sunt
1222 3436 1335 3508 multa

272 3532 310 3605 in
327 3529 504 3622 scripturis
520 3530 716 3622 imposita,
736 3531 927 3621 quaectiam
944 3551 1046 3623 eum,
1069 3532 1127 3624 qui
1138 3534 1335 3608 valdebru·

272 3642 332 3704 tus
352 3630 422 3721 est,
443 3631 476 3700 dr
497 3627 631 3716 stertit,
657 3649 809 3703 movere
829 3627 994 3722 possunt,
1015 3632 1089 3705 imo
1110 3653 1265 3730 cogere,
1291 3646 1334 3708 ut

270 3728 412 3804 neccise
424 3731 555 3803 habear
565 3731 669 3802 litera
688 3727 912 3802 derelictam
929 3729 1148 3806 intelledium
1163 3732 1335 3807 conscen-
1370 3737 1372 3742 '

272 3831 359 3902 dero
373 3827 580 3921 spiritaiem:
606 3828 742 3903 sicut&
760 3848 856 3902 nunc
874 3828 1009 3902 faciunt
1020 3831 1164 3906 brachia
1174 3831 1237 3906 ista
1249 3854 1334 3925 pec·

273 3930 429 4025 catoris,
455 3929 582 4024 quibus
597 3927 782 4008 imminere
799 3930 1061 4008 contritionem
1079 3933 1331 4108 commirsraaur.
1362 3947 1369 3960 ·

1238 4054 1257 4106 c
