3242 4609
274 292 370 375 48·
451 353 454 360 ,
545 271 1064 360 exorietur:
1146 347 1149 356 .

274 443 413 520 raveiit
444 437 684 539 remanente,
709 451 798 516 tunc
821 441 929 518 etiam
954 445 1125 536 majorem
1158 439 1337 552 vibonem
1371 459 1376 478 ¹

271 547 416 642 poterit
432 545 574 618 videre·
617 537 843 640 Ingredietut
859 545 954 620 enim
969 545 1153 640 caliginem
1170 543 1204 618 dc
1221 543 1336 619 turbi·

274 667 387 736 nem,
419 644 479 717 ubi
498 637 568 716 effe
584 637 656 736 ipse
676 642 807 718 dicitur
826 641 956 737 Deus,
983 645 1045 720 ubi
1067 641 1236 744 scriptum
1260 645 1334 740 est,

275 747 358 839 quie
370 739 519 836 Moyses
532 735 628 816 solue
642 743 839 818 accedebat
855 744 897 818 ad
915 743 1060 838 Deum,
1080 745 1198 816 caeteri
1213 763 1335 820 autem

274 869 298 920 a
316 845 425 938 longe
436 841 587 918 stabant.
617 839 669 916 Et
680 843 718 918 in
732 857 871 918 tentum
885 863 948 938 per
967 843 1046 917 istas¹
1064 861 1205 940 magnas
1223 849 1335 936 Moy·

230 967 234 974 ’
274 943 330 1020 ses
347 939 497 1036 proficit
511 937 688 1037 vibones,
705 958 757 1018 ,ut
770 943 908 1016 diceret
924 943 967 1017 ed
984 943 1120 1020 Deum:
1148 950 1334 1034 Si'r'nveni,

275 1045 424 1134 inquit,
453 1050 595 1138 gretiam
630 1067 732 1114 corum
762 1059 813 1131 te,
846 1043 1012 1139 menisgin
1053 1047 1136 1114 mibi
1181 1045 1330 1140 reipfism,

274 1163 315 1214 en
331 1144 494 1216 evidenter
502 1146 628 1214 uideam
646 1162 687 1216 re.
736 1138 787 1216 Et
803 1157 892 1220 tunc
905 1145 1002 1218 eudit
1019 1165 1039 1216 a
1059 1145 1163 1234 Deo,
1191 1146 1271 1236 quia
1280 1165 1335 1240 po·

275 1269 353 1316 mm
375 1260 407 1313 te
426 1248 462 1314 in
473 1243 637 1336 foramine
652 1259 769 1339 petra,
795 1259 899 1338 petre
922 1259 1040 1317 autem
1061 1257 1138 1316 erat
1157 1241 1333 1319 Christus:

275 1361 318 1416 ut
336 1361 401 1437 per
421 1341 585 1418 foramen
605 1337 843 1418 breviffimum
863 1344 984 1421 videns
1007 1343 1206 1435 posteriora
1232 1367 1332 1436 mea,

272 1445 351 1520 hoc
369 1441 442 1536 est,
465 1460 508 1514 ut
524 1465 586 1534 ea,
612 1463 690 1534 que
706 1445 743 1516 in
762 1443 956 1517 noviiirmis
973 1445 1195 1536 temporibus
1212 1446 1335 1536 implee

274 1543 431 1633 buntur,
457 1563 522 1636 per
539 1540 785 1617 aiiumtiouem
801 1544 915 1616 carnis
931 1542 1116 1638 agnoscas:
1145 1546 1265 1612 Faciem
1277 1569 1337 1614 au-

274 1659 339 1716 tem
360 1665 458 1732 meam
471 1643 580 1714 videre
597 1649 798 1740 amputetis.
834 1643 904 1715 Sed
920 1643 1053 1738 digreffi
1069 1661 1133 1734 per
1152 1645 1335 1737 quamplu-

274 1742 380 1816 rimas
394 1739 572 1833 visiones,
595 1741 781 1817 redeamus
793 1760 892 1816 nunc
909 1742 953 1814 ad
967 1744 1059 1833 hoc,
1088 1741 1335 1835 quodpropo'-

275 1839 404 1915 suimus
422 1841 468 1916 de
480 1839 635 1936 psalmo,
662 1843 778 1934 quiea
795 1847 960 1934 Domino,
981 1842 1122 1932 inquit,
1146 1840 1259 1934 greſjis
1279 1849 1335 1914 bo·

262 1947 373 2056 ,minis
393 1941 588 2035 diriguntur.
637 1941 752 2034 Supte
768 1942 1018 2035 expoiuimus‚
1052 1945 1239 2035 quomodo
1262 1943 1333 2014 iter

276 2043 354 2132 quis
371 2039 568 2138 ingreditur
587 2039 632 2114 nd
651 2042 846 2118 virtutemz
872 2041 1063 2133 quoniam,
1087 2041 1144 2132 qui
1169 2043 1237 2114 iter
1259 2045 1333 2138 agit

276 2141 321 2212 nd
337 2141 532 2234 virtutem,
556 2138 780 2232 multesunt,
806 2161 884 2232 quae
909 2137 1042 2235 digredi
1063 2137 1171 2214 habet
1186 2142 1220 2214 ἃ
1238 2158 1335 2214 tran·

273 2242 352 2314 suc.
393 2236 492 2336 Ergo
507 2240 541 2312 o
556 2254 616 2334 tu,
642 2240 702 2333 qui
716 2240 760 2314 nd
770 2236 947 2316 Christum
961 2240 1100 2326 tendis,
1127 2243 1186 2330 qui
1201 2241 1251 2314 est
1264 2237 1336 2314 Dei

274 2341 416 2420 virtus,
451 2339 635 2436 digredere
660 2342 857 2433 luxuriam,
882 2339 1026 2434 scorta,
1054 2341 1247 2428 aduiterin,
1284 2342 1335 2414 di·

274 2438 424 2535 gredere
440 2437 560 2533 furta,
584 2437 666 2514 salsa
683 2439 906 2533 testimonia,
931 2454 1006 2514 tum
1027 2440 1156 2515 deinde
1174 2443 1334 2537 digrede·
1358 2499 1363 2510 .

273 2539 603 2634 redimentium,
629 2541 663 2615 dt
689 2562 835 2616 onmem
861 2542 1019 2633 pecuniae
1054 2556 1334 2632 caeterarumque

273 2642 443 2716 malarum
460 2660 579 2715 rerum
596 2635 949 2734 concupiscentiam,
986 2639 1170 2733 digredere
1191 2643 1334 2714 menda·

273 2741 391 2832 cium,
417 2739 603 2836 digredere
616 2739 791 2812 tristitiem
811 2737 936 2812 saeculi.
968 2738 1044 2811 Nisi
1061 2740 1136 2810 haec
1151 2743 1270 2813 omnia
1285 2743 1333 2813 di·

272 2837 406 2935 gressus
416 2838 547 2931 fueris,
572 2838 747 2912 vibonem
760 2837 856 2911 iilam
873 2859 1032 2933 magnam
1045 2841 1193 2912 Domini
1208 2843 1334 2914 videre

178 2945 180 2950 ’
273 2957 352 3014 uon
368 2938 518 3031 poteris.
567 2937 661 3010 Sunt
679 2956 767 3034 ergo
791 2938 935 3028 quidem
957 2939 995 3010 in
1020 2941 1124 3012 nobis
1146 2939 1333 3035 gressus&

274 3037 409 3134 peden,
434 3037 562 3127 quibus
579 3039 649 3110 iter
666 3037 740 3110 hoc
757 3037 911 3134 egimus,
936 3036 1023 3112 sunt¹
1035 3037 1166 3134 greiius
1184 3041 1333 3112 interio-

273 3138 324 3212 rie
334 3136 503 3229 hominis,
513 3135 640 3230 quibus
654 3138 834 3212 ambulare
847 3137 1029 3230 poiiumus
1041 3161 1104 3232 per
1114 3141 1208 3213 iliam
1224 3143 1332 3232 viam,

276 3255 356 3327 quae
376 3235 486 3309 dicit:
516 3239 580 3332 Ego
594 3237 666 3324 [um
680 3243 764 3324 eia,
789 3243 915 3310 veritas
938 3237 978 3314 o
999 3248 1074 3312 vita
1137 3241 1222 3312 Hoc
1244 3260 1333 3334 ergo

272 3334 345 3410 iter
364 3339 550 3432 agentibus
566 3336 687 3412 multis
697 3333 862 3436 greffibus
881 3339 1055 3412 utendum
1073 3338 1123 3412 est
1134 3343 1242 3412 nobis
1254 3393 1281 3434 ,
1293 3353 1336 3412 ut

273 3434 337 3508 iile
349 3437 489 3530 omnin,
506 3458 583 3530 que
591 3436 694 3532 supra
704 3439 876 3531 diximus,
891 3438 1128 3522 transeamus,
1146 3443 1226 3530 quia
1244 3439 1334 3533 gres·

273 3531 332 3612 suc
350 3537 507 3612 hominis
529 3537 730 3611 eDomino
748 3537 959 3632 diriguntur.
1011 3539 1100 3612 Non
1121 3538 1247 3613 sufficit
1269 3542 1333 3613 ho·

272 3635 360 3716 mini
377 3638 520 3712 volenti
539 3635 631 3712 istud
646 3638 715 3710 iter
731 3638 899 3712 incedere
917 3636 1182 3732 sola.proposrti
1202 3639 1251 3712 sui
1266 3659 1335 3710 vo·

273 3737 418 3829 luntas,
442 3737 506 3813 nist
527 3737 759 3814 &Dominus
783 3739 956 3820 direxerit
975 3738 1105 3833 greiius
1130 3741 1223 3830 ejus:
1253 3740 1335 3830 quia

273 3835 483 3930 frequenter
500 3837 629 3912 accidit
644 3840 712 3910 iter
725 3840 933 3933 agentibus,
953 3853 994 3909 ut
1015 3842 1217 3926 ambulent,
1235 3835 1334 3930 quod
1368 3883 1373 3894 ·-

274 3936 345 4016 iter
359 3947 480 4018 temen
494 3935 628 4018 redum
642 3936 768 4015 tenere
779 3957 857 4015 non
869 3937 1023 4036 poure,
1046 3937 1342 4022 sed-decidantin-
1355 3983 1377 4000 --

966 4055 968 4060 '
1143 4041 1283 4136 aliquot
