3242 4609
465 237 1165 368 snmean‘mrs'muos2
1270 224 1396 394 ψ’,

281 440 385 517 Deus
407 437 573 516 Ezechiae
590 441 828 538 praedirrillet:
870 446 1029 538 Proregam
1045 446 1150 518 urbem
1166 447 1251 517 hanc
1269 466 1341 543 pre·

277 562 355 641 pter
373 535 440 627 rire,
472 542 512 616 (Τ
524 562 651 640 propter
675 546 785 615 David
804 545 937 631 servum
957 568 1057 614 meum
1075 597 1086 634 ,
1123 547 1205 635 quia
1223 547 1261 619 in
1282 548 1340 623 die

283 639 462 736 promiffio
485 639 576 714 falla
595 641 670 734 est,
696 640 862 717 &uoltu
881 643 1096 738 adimpleta,
1122 647 1193 717 ait:
1229 646 1272 719 ln
1291 648 1341 719 die

256 741 444 814 'mondobrt
473 745 644 834 Dorulaus,
671 741 734 818 &a
784 743 849 814 Ait
871 757 1007 815 autem:
1042 749 1155 816 Oratio
1174 750 1242 817 Deo
1261 752 1341 819 vt'lae

279 867 374 929 mea,
402 844 569 932 quoniam
590 841 664 915 hoc
683 841 794 914 modo
814 842 901 913 niliil
919 840 1072 915 medium
1088 846 1271 934 invenitur
1287 849 1340 922 in·
1384 915 1386 919 .

278 956 336 1015 ter
352 957 570 1036 praeceptum
586 956 686 1014 tuum
699 941 855 1032 &meam
871 943 1181 1036 tranquillitatem,
1206 942 1341 1020 sedstt·
1426 987 1428 991 ·

280 1043 367 1132 tim,
395 1038 532 1130 inquit,
557 1040 741 1113 invenitur
752 1041 788 1113 in
801 1062 859 1114 me
871 1044 1062 1137 gratiarum
1078 1042 1169 1127 afflo
1184 1044 1269 1120 Deo
1286 1044 1340 1126 vi·=

279 1154 326 1213 tae
349 1161 448 1213 mcae.
503 1137 549 1210 Et
569 1140 625 1212 die
647 1160 688 1212 ac
709 1137 843 1231 nolle,
869 1140 1014 1234 inquit,
1040 1139 1242 1217 concellum
1262 1165 1283 1217 a
1301 1160 1341 1219 te

278 1236 655 1315 misericordianrscite
675 1259 767 1312 cano
784 1239 817 1311 δι
834 1242 991 1312 celebro.
1053 1239 1055 1244 '
1319 1239 1321 1244 ’

263 1363 267 1376 ’
358 1339 535 1438 Ejusdem]
561 1337 665 1430 Bona
688 1337 799 1412 futuri
819 1336 933 1412 saecuh·
952 1334 1021 1412 else
1041 1336 1173 1432 docet,
1199 1339 1283 1418 dum
1301 1342 1343 1416 il-

282 1437 345 1511 lud
362 1443 440 1508 diem
457 1453 589 1519 vocat,
614 1437 649 1509 in
667 1458 760 1528 quo,
787 1437 923 1530 inquit,
949 1433 1051 1510 Deus
1064 1438 1226 1532 promisrt
1243 1439 1342 1516 mise·

280 1517 475 1610 riccudiam
491 1535 586 1610 suam
613 1538 656 1609 ad
680 1538 859 1629 laetitiam,
896 1539 1063 1629 quoniam
1085 1558 1162 1612 nox
1184 1540 1218 1611 dr
1241 1554 1342 1616 tene·

278 1635 354 1710 brae
376 1632 456 1711 sunt
477 1636 755 1712 communicatio
783 1658 864 1710 cum
892 1635 978 1710 Deo
998 1656 1063 1734 per
1085 1637 1274 1730 hymnos,
1307 1637 1342 1750 dr

282 1738 476 1828 contentio
493 1757 557 1830 per
573 1756 712 1831 preces.
788 1811 795 1826 ,
1341 1781 1345 1790 ,

359 1840 473 1906 Dicam
493 1842 578 1908 Deo:
599 1838 753 1934 susceptor
769 1829 854 1906 meus
866 1862 908 1911 es.
959 1836 1072 1929 Quare
1087 1835 1247 1908 oblituros
1260 1829 1344 1910 mei?

283 1934 332 2008 Et
343 1958 441 2032 quare
452 1935 656 2034 conrrcflotue
667 1938 780 2023 incedo,
795 1940 868 2007 dum
877 1932 998 2026 affligit
1010 1958 1057 2006 m
1071 1931 1244 2008 inimicus?
1255 1929 1342 2030 Ue]

265 2029 375 2134 zNon
395 2036 507 2128 petit,
533 2050 574 2108 ut
597 2037 641 2109 ab
660 2036 810 2110 inimicis
828 2056 904 2110 non
920 2029 1115 2129 affligatur,
1139 2033 1200 2109 sed
1216 2055 1264 2109 ne
1283 2037 1346 2108 tri·

268 2133 429 2228 ,bulaeus
461 2133 702 2209 contristetur.
760 2133 847 2208 Hoc
873 2134 966 2220 enim
990 2136 1159 2228 congruit
1182 2135 1344 2216 athletae,

267 2234 345 2332 'qui
371 2234 477 2308 etiam
498 2234 535 2305 in
558 2233 664 2306 rebus
686 2233 839 2348 adversis
865 2234 927 2306 fibi
953 2234 1167 2325 complacet.
1226 2233 1268 2307 ln
1295 2231 1346 2308 se·

286 2331 412 2425 quenti
425 2348 544 2405 autem
559 2329 715 2425 psalmo,
740 2354 821 2406 curn
839 2333 1017 2426 praeponit
1036 2332 1145 2422 illud,
1171 2335 1283 2425 Quare
1299 2349 1347 2404 me

268 2432 459 2527 repulisti?
484 2432 537 2505 his
554 2431 703 2519 verbm,
727 2434 837 2524 Quare
853 2434 952 2524 rriJlis
969 2433 1101 2500 incedo?
1128 2432 1271 2504 videtur
1292 2433 1347 2507 in·

287 2533 432 2625 dicare,
458 2530 577 2623 illius,
604 2531 701 2623 quia
722 2528 806 2603 Deo
830 2525 1002 2622 repulsam
1023 2526 1139 2622 pallus
1162 2530 1235 2619 est,
1261 2551 1347 2622 pro·

286 2631 405 2727 prium
428 2626 517 2721 effe,
542 2653 619 2714 non
635 2633 678 2704 ab
694 2629 840 2704 inimico
858 2628 1039 2708 tribulari,
1065 2626 1170 2711 sedin
1189 2626 1367 2702 afflictior
1393 2663 1401 2690 ··

287 2753 337 2812 ne
365 2729 577 2804 contristari.
642 2728 849 2821 Ceterum,
882 2728 905 2801 fi
934 2726 1090 2800 Christus
1122 2725 1349 2818 insequenti

289 2827 427 2925 psalmo
444 2827 626 2922 illedixit,
651 2832 776 2921 utique
792 2827 958 2904 similiain
976 2823 1099 2920 spiritu
1117 2825 1207 2898 dixit
1220 2828 1257 2900 in
1270 2825 1348 2902 haec

289 2929 424 3004 verba:
456 2928 759 3027 ‘lnoererepulisti‚
785 2929 823 3004 Θ
837 2927 1008 3026 ᾴιίρεκίβέ,
1035 2925 1349 3024 distulifliChrifium

293 3046 396 3100 tuum.
422 3025 471 3100 Et
487 3027 593 3107 tristis
606 3023 924 3119 incedit‚'dicens:
955 3019 1245 3123 Triflicqlanima
1270 3052 1348 3100 mea.

292 3125 367 3200 Vel
375 3126 642 3201 subdubitanter
657 3127 813 3202 Christus
830 3130 938 3217 dicit,
965 3124 1059 3216 quasr
1070 3124 1247 3217 quidpiam
1259 3127 1358 3219 ejus·.

290 3227 393 3306 modi
404 3228 518 3299 dicat:
545 3227 643 3326 Quid
657 3230 801 3323 dignum
817 3249 936 3319 operae
952 3227 1085 3320 agitur,
1113 3245 1193 3297 cum
1209 3245 1279 3320 ego
1296 3246 1351 3299 re·

291 3324 550 3423 pullicmpallus
566 3347 634 3419 pro
649 3324 759 3400 salute
773 3328 981 3419 hominum,
995 3345 1015 3396 a
1029 3336 1067 3397 te
1082 3321 1189 3399 tristis
1202 3323 1350 3420 incedo,

292 3423 473 3523 affligente
487 3448 544 3499 me
561 3425 735 3502 inimico?
854 3493 856 3498 .
1036 3489 1042 3502 .

372 3531 460 3597 Dum
475 3529 585 3597 dicunt
599 3528 683 3596 milri
696 3525 893 3624 perfinguhs
906 3522 990 3614 dier,
1017 3521 1068 3592 uli
1085 3517 1125 3618 ιβ
1141 3523 1230 3593 Deru
1250 3514 1352 3595 tuus?

293 3621 383 3720 idn]
409 3621 522 3699 Forte
547 3623 700 3700 sanctum
724 3624 875 3698 tristitia.
888 3621 994 3697 afficit
1014 3621 1101 3695 illud
1124 3621 1177 3691 uli
1200 3622 1244 3695 de
1264 3620 1351 3696 Deo

237 3750 241 3760 ·
294 3723 444 3800 dictum:
471 3726 569 3816 quod
591 3727 714 3802 locum
731 3715 877 3800 indicat.
910 3719 1091 3800 Extremae
1107 3735 1225 3793 autem
1250 3718 1352 3791 insci·

292 3827 351 3898 tiae
367 3821 439 3913 est,
467 3823 585 3897 Deum
603 3827 640 3899 in
658 3826 746 3900 loco
763 3821 859 3914 effe,
886 3819 1095 3896 existimare.
1145 3817 1240 3892 Nam
1262 3838 1355 3908 pon-

295 3924 382 4001 dere
393 3905 547 4000 iubdstic
559 3924 685 4016 locum
708 3922 881 4103 ροιὲάετίε
893 3936 1012 3999 cutem
1027 3938 1154 4018 expers
1168 3916 1357 4099 {giacum

826 4044 848 4096 2
