3242 4609
304 307 359 371 '·
470 277 1169 424 stanecarnrsntmos.
1260 291 1348 444 'aar
1394 383 1396 392 -

288 501 395 596 nem,
427 500 473 576 δι’
482 513 601 599 neque
622 475 866 603 circumcisio,
887 511 1014 600 neque
1036 485 1249 622 praeputium
1272 508 1347 587 sme

276 601 527 683 misericordia
547 604 674 684 salvari
693 607 824 702 potest

364 707 418 780 De
442 703 689 782 trisularione
675 713 830 782 invocavi
856 712 1025 782 Dominum
1033 704 1156 804 ,·QYc]
1189 710 1263 823 Qui
1283 715 1355 786 an·'

287 801 420 896 gustam
440 803 668 884 &eruam
629 829 728 886 viam
743 809 958 905 ingreditur,
976 809 1027 880 de
1042 809 1301 883 tribulatione
1289 833 1344 886 rn-

285 917 401 976 vocat
419 902 655 1027 Dominum,
666 910 736 1004 qui
757 930 850 984 vero
867 910 1001 1000 latam,
1027 909 1245 1000 nequidem
1226 932 1343 984 ··1nvo
1408 961 1410 968 ι

285 1015 357 1082 cat
410 1008 522 1096 Omnis
535 1013 646 1103 mim,
672 1013 854 1149 quicumque
876 1014 1081 1148 mutuaverit
1102 1033 1214 1081 nomen
1230 1014 1342 1083 Domi·
1406 1005 1408 1010 ’

275 1108 350 1200 mi,
370 1081 482 1192 solvus
497 1112 602 1186 erit
686 1173 689 1178 .

270 1240 272 1246 ¹
329 1206 449 1280 Nou
459 1209 597 1301 timebo,
630 1211 704 1307 quid
724 1209 834 1302 faciat
854 1210 947 1280 milui·
953 1210 1059 1297 mmo,
1085 1206 1178 1304 sin]
1211 1209 1341 1285 Homi-

283 1320 368 1378 nem
389 1322 501 1380 vocat
517 1304 689 1418 scriptura
703 1308 952 1402 Diabolum,
939 1324 1041 1400 Juxta
1055 1309 1163 1382 illud:
1190 1313 1341 1410 Inimicus

282 1402 372 1475 domo
378 1404 439 1476 nn
450 1404 582 1502 fecit}
565 1429 719 1527 mempe
725 1411 946 1488 zizaniorum
962 1408 1165 1484 sementem.

363 1507 477 1577 Omnes
494 1525 681 1599 guntur
622 1515 681 1583 cin
678 1515 815 1582 uierunc
841 1534 917 1597 me,
941 1504 1014 1584 (5
1003 1533 1039 1578 m
1055 1515 1181 1580 nominc
1201 1513 1340 1582 Domini

282 1598 482 1693 ultussum
468 1630 585 1698 meos,
611 1607 690 1703 stc]
714 1609 908 1685 Daemones
928 1610 985 1683 alii
1003 1606 1113 1701 ipsum
1133 1624 1175 1681 ut
1191 1609 1338 1724 actioni,

268 1701 343 1775 ·alii
357 1716 401 1776 ut
414 1710 722 1803 contemplationi
726 1709 883 1784 deditum
897 1709 1169 1804 impugnabant.
1194 1709 1340 1801 &prio

278 1821 340 1877 res
356 1804 496 1894 quidem
506 1809 658 1901 justitia,
685 1810 773 1884 alios
794 1827 886 1885 vero
905 1807 1072 1901 sapientia
1088 1806 1337 1885 ulciscebatur.

356 1906 435 2002 Eju
439 1908 538 2004 dem]
563 1908 723 2000 Christo,
741 1911 785 1985 ab
800 1910 965 1986 omnibus
980 1909 1144 2003 gentibus
1154 1930 1338 2005 oppugna

271 2012 345 2085 ¹‚to
370 2007 479 2100 magis
496 2011 668 2103 congruit
683 2012 758 2086 baec
781 2010 912 2082 dicere.
963 2007 1083 2082 Multa
1097 2008 1178 2080 sunt
1193 2009 1342 2104 dogma·

277 2113 357 2176 tum
374 2125 531 2200 genera,·
556 2129 633 2200 quae
653 2111 711 2179 vir
733 2106 869 2184 sanatus
891 2106 1060 2206 sapientia
1081 2105 1153 2182 Dei
1168 2111 1340 2203 repellit,

247 2201 313 2276 u
332 2206 448 2280 verbo
468 2204 552 2281 sano
572 2208 718 2282 euertit.

356 2308 636 2385 Circumdederunt
651 2308 788 2401 meficur
801 2328 891 2400 apes,
917 2304 1006 2402 dte]
1034 2307 1236 2406 Quodlibet
1249 2301 1336 2401 dog·

269 2424 337 2483 tna
361 2404 559 2483 Gentilium
582 2409 686 2484 dulce
707 2408 791 2500 quid
812 2406 954 2490 efficit,¹
968 2407 1066 2498 quod
1086 2405 1242 2492 sua'vit'er
1264 2403 1335 2478 affi-

278 2505 350 2595 cit,
377 2505 581 2582 &oblestat
593 2507 808 2586 auditorem
835 2510 1091 2606 Quapropter,
1118 2507 1177 2602 qui
1196 2527 1238 2579 ea
1252 2523 1335 2597 pro·

275 2606 463 2700 mulgent,
488 2610 513 2681 ir
503 2608 611 2683 sunt
628 2609 730 2682 velut
746 2606 851 2704 ades,
878 2606 937 2682 sed
954 2627 1030 2679 non
1047 2628 1143 2698 apes.
1200 2605 1335 2678 Setun·

226 2751 228 2755 ·
274 2704 362 2782 dum
383 2704 613 2790 Salomonem
631 2729 777 2801 quoque
799 2707 859 2780 mel
879 2707 1022 2804 diflidat
1019 2732 1052 2775 o
1076 2705 1171 2778 labiis
1188 2706 1335 2776 mulieris

267 2804 474 2900 fornicaria.
501 2831 577 2901 quac
590 2810 641 2884 est
656 2808 729 2882 falfi
746 2806 902 2895 nominis
919 2789 1096 2882 scientia.‘
1127 2807 1229 2919 Qui·
1221 2803 1335 2878 adhae·

271 2921 333 2980 ret
346 2906 418 2999 illi,
443 2929 552 2983 tuntum
566 2927 700 3003 corpus
722 2907 773 2980 est
792 2928 875 2980 cum
894 2929 957 3001 ea,
983 2905 1101 2980 sicut
1091 2926 1142 2998 rs,
1172 2906 1231 2997 qui
1253 2903 1334 2976 Do-

273 3005 406 3118 mino
406 3029 570 3106 veroque
601 3010 730 3086 Verbo
764 3007 945 3104 adheret,
981 3025 1073 3082 unus
1105 3004 1247 3102 spiritus
1280 3001 1333 3076 est
1370 3023 1372 3028 ·

276 3125 357 3180 cum
376 3128 434 3186 eo.

351 3208 518 3281 Deritudo
535 3205 809 3284 menusanum
823 3181 999 3294 Dominus,
1020 3201 1106 3299 De]
1134 3202 1331 3320 Suscipien-

271 3304 320 3378 tis
341 3327 445 3426 eum,
471 3327 659 3401 perquem
673 3312 784 3380 omnin
808 3306 947 3403 pansum,
972 3306 1089 3398 inquit
1114 3303 1302 3394 Paulus,
1289 3326 1329 3374 m

269 3413 469 3581 {stills
483 3403 944 3623 ‘subtilitis’
954 3403 1327 3592 eiiffiisteiiuifiil
1378 3499 1383 3504 ·

480 3557 492 3598 i
915 3559 927 3598 Ὶ

267 3619 386 3680 terum
401 3608 476 3682 haec
488 3616 565 3679 vox
579 3609 684 3684 etiam
696 3605 764 3680 elle
778 3606 883 3707 poslrt
895 3605 1083 3696 martyris,
1106 3601 1236 3682 fiducia
1253 3585 1327 3693 ple·

268 3707 327 3787 ni:
357 3708 524 3779 iurulenta
538 3732 603 3779 meo
617 3708 656 3786 tii
669 3709 820 3780 luusmea
837 3702 1006 3778 Dominus.
1139 3743 1142 3750 ·

349 3810 427 3880 Non
446 3811 579 3894 morior,
602 3809 655 3895 sed
674 3813 816 3894 uiuam,
848 3818 886 3882 U
905 3804 1041 3878 narrabo
1060 3823 1151 3900 opera
1169 3805 1328 3893 Domini,

261 3901 361 4008 ot]
386 3906 570 4014 Vivorum
591 3906 661 4004 est,
686 3924 831 3982 narrare
842 3923 957 4002 ¹opera
974 3903 1137 4004 Domini.

748 4102 819 4189 Aa
838 4055 912 4203 '4'
1191 4101 1306 4194 Aperi-
