3242 4609
315 287 319 292 ’
459 253 1155 400 mummumumuumt
1270 329 1344 410 ης

552 564 1041 712 rsutmust
1147 615 1265 650 ·-·
1384 560 1386 564 ’

277 774 334 846 Ex
357 724 597 846 Commentariis
620 765 658 866 iit
679 769 827 859 osculorum
850 772 891 840 L.
908 741 1067 866 postquam
1083 791 1123 843 ex
1134 749 1334 871 'partepriitss
1424 788 1442 843 .'

372 876 487 968 cipiunt
505 870 642 969 historia
663 872 750 945 Utiae
767 873 922 965 adegerint
937 871 1097 966 exposuit,
1119 873 1254 968 insert·

325 1073 337 1144 i
362 1069 417 1142 cui
438 1082 556 1143 autern
574 1063 865 1143 violentum-elle
881 1066 1049 1163 videtur,
1076 1069 1174 1161 quod
1193 1084 1334 1166 partem
1410 1056 1423 1151 'r

350 1168 504 1258 historiae
522 1171 714 1265 allegorice
732 1167 990 1263 exposuerim„
1003 1191 1072 1243 nec
1088 1192 1165 1258 eam
1182 1176 1333 1263 aequabi·

272 1272 354 1344 liter
379 1270 633 1362 interpretatus
655 1269 744 1359 itm,
771 1280 933 1361 apertum
958 1267 1009 1344 est
1028 1267 1105 1343 haec
1123 1282 1261 1344 temere
1282 1272 1332 1344 di·

273 1368 368 1443 ilum
392 1369 456 1461 iri,
489 1369 557 1440 alia-
575 1363 668 1440 vero
693 1370 729 1441 in
752 1367 849 1440 hunc
868 1370 990 1442 locum
1012 1370 1223 1461 inquirenda
1239 1368 1328 1461 elie3

270 1468 331 1543 nist
347 1467 465 1560 forte,
486 1467 554 1558 ¹qui
569 1468 664 1539 hunc
676 1470 796 1540 locum
809 1466 1059 1542 accuratiffime
1075 1470 1330 1564 perpenderit,
1365 1533 1369 1542 .

268 1569 455 1660 iuveniat,
482 1568 669 1659 quomodo
686 1568 1012 1659 omniaconciliet,
1039 1568 1328 1661 &homicidium
1394 1653 1397 1660 ,

269 1668 428 1749 dueum,
462 1688 538 1758 quae
560 1667 595 1739 iu
614 1666 689 1759 ipso
708 1663 925 1759 videbatur,
954 1668 1183 1743 bonitatem:
1208 1669 1328 1744 noluit

270 1769 403 1860 quippe
423 1767 568 1840 domum
589 1763 683 1839 suant
701 1766 820 1857 adire,
841 1767 961 1857 ibique
974 1768 1216 1864 requiescere,
1242 1766 1328 1854 dum

269 1867 426 1962 populus'
449 1863 622 1938 incastris
647 1879 747 1957 erat,
783 1861 992 1943 &militiam
1015 1863 1204 1942 tolerabat.
1255 1867 1326 1941 Sed

270 1964 391 2040 nescio
410 1965 626 2057 quomodo,
655 1966 713 2056 qui
733 1965 963 2058 allegoricum
981 1969 1017 2037 in
1031 1967 1085 2039 his
1107 1965 1240 2040 sensum
1261 1988 1327 2039 no·

267 2065 347 2139 lunt
365 2064 573 2155 admittere,
600 2063 836 2137 &dictionem
852 2078 1003 2156 propter
1015 2061 1049 2137 se
1063 2067 1230 2158 nudeque
1245 2064 1326 2137 scri·

267 2184 364 2259 ptam
384 2160 617 2255 elieputant,
644 2161 868 2254 alloquemur
886 2166 1111 2239 voluntatem
1130 2164 1233 2238 sandi
1250 2162 1326 2258 Spi·
1409 2207 1411 2212 ·

267 2266 380 2367 ritus,
409 2264 467 2353 qui
485 2261 679 2356 scriptione
691 2283 748 2334 res
766 2282 825 2333 eas
844 2261 964 2357 dignas
976 2264 1172 2356 judicavit,
1197 2264 1233 2338 in
1249 2265 1326 2356 qui·
1370 2319 1372 2324 -

264 2365 331 2437 bus
351 2382 428 2435 uon
450 2361 569 2436 solum
585 2361 696 2454 turpis
717 2360 852 2452 libido,
879 2360 937 2433 led
957 2362 990 2447 dt
1011 2364 1200 2437 crudelitas
1219 2363 1254 2438 δι
1273 2367 1327 2441 iu·
1387 2405 1391 2412 ,

264 2465 465 2538 humanitas
498 2460 620 2534 David
650 2461 879 2556 coarguitur,
905 2463 966 2551 qui
986 2461 1098 2534 ausus
1118 2460 1218 2537 ·ell'et
1243 2485 1328 2562 erga

264 2562 392 2636 Uriam
409 2560 546 2634 facinus
564 2556 800 2636 alieniffimum
817 2581 837 2632 a
851 2560 983 2651 quovis
998 2562 1158 2654 homine,
1178 2563 1239 2633 uel
1254 2586 1327 2640 me.

264 2659 501 2737 mediocriter
533 2660 639 2733 bonis
671 2660 833 2734 moribus
868 2661 1029 2752 exculto.
1091 2657 1172 2757 Ego
1206 2676 1326 2747 autern

266 2763 449 2841 dixerim,
481 2758 777 2851 quemadmodum
804 2758 937 2851 iudicia
965 2758 1036 2832 Dei
1063 2779 1189 2856 magna
1214 2761 1249 2834 dt
1272 2762 1327 2836 in·

264 2859 491 2953 explicabilia
510 2856 611 2951 sunt,
649 2858 683 2932 dc
706 2858 876 2932 videntur
901 2858 1047 2932 rudibus
1070 2861 1327 2956 mentihucer-.

263 2961 361 3056 roris
386 2956 523 3031 causam
556 2958 662 3052 dare,
694 2957 745 3029 ita
772 2956 842 3030 Dei
867 2954 1054 3051 scripturas
1081 2979 1223 3055 magnas
1250 2964 1325 3053 qul·

264 3061 377 3150 dem,
413 3058 451 3131 δι’
477 3059 614 3133 arcanis
646 3054 878 3147 abstrusisque
902 3076 945 3130 ac
969 3056 1180 3133 difficillime
1212 3062 1324 3152 couir-

264 3158 463 3232 deratiouis
481 3153 663 3230 sententiis
678 3156 828 3230 refertas
845 3154 939 3245 elle3
965 3156 1024 3231 sed
1038 3158 1072 3230 dt
1087 3156 1326 3250 difficillimam
1409 3227 1413 3234 .

262 3259 399 3333 habere
411 3256 708 3350 explicationem,
733 3256 769 3330 δι
784 3256 899 3330 videri
914 3255 1020 3330 rudes
1034 3278 1075 3329 ac
1088 3259 1245 3332 incultos
1256 3259 1325 3350 hae·

264 3357 465 3430 reticorum
489 3358 625 3430 animos
644 3357 681 3428 in
696 3374 856 3429 errorem
871 3353 1065 3449 impulille,
1092 3355 1152 3447 qui
1173 3359 1326 3435 inconfi-

265 3458 391 3531 derate
408 3456 442 3529 δι
457 3455 630 3549 precipiti
645 3454 848 3531 temeritate
863 3454 982 3529 Deum
997 3455 1267 3549 reprehendunt
1277 3479 1324 3532 ex
1419 3453 1422 3462 “

264 3557 426 3647 iis‚quas
438 3576 514 3628 uon
528 3556 754 3652 intelligunt,
770 3548 971 3648 scripturis,
991 3555 1145 3648 indeque
1158 3556 1203 3631 ad
1217 3558 1325 3634 alium

264 3654 385 3730 Deum
400 3649 604 3752 fingendum
618 3656 866 3748 prolabuntur.
916 3651 1041 3745 ltaque
1059 3669 1175 3730 tutum
1194 3655 1245 3731 alt
1263 3678 1323 3731 ex·

264 3757 462 3849 planatoria
481 3753 595 3829 Verbi
607 3752 946 3847 interpretationem
960 3750 1179 3848 exspedare,
1194 3754 1324 3851 dicius,

267 3880 334 3953 qu
349 3862 387 3927 iu
402 3854 542 3951 molluit
555 3855 795 3951 dicundumst,
813 3854 995 3949 supientia,
1019 3879 1112 3951 quom
1128 3880 1218 3927 uerno
1227 3862 1323 3951 prio·
1419 3861 1421 3866 ’

264 3959 366 4056 cipum
388 3958 486 4055 tutu
499 3957 605 4049 iaculi
619 3960 746 4048 nevit„
752 3955 922 4131 segandum
941 3955 1166 4056 revelarentur
1183 3954 1325 4053 mysterii

841 4076 864 4130 a
1165 4065 1286 4153 ωψ-
1342 4123 1345 4128 ,
