3242 4609
275 223 278 228 ⁵
454 235 1153 365 s.n·trc'rn'1nrs'druor';
1258 223 1385 394 ιη’ἱ

270 437 374 532 Deus
396 434 561 513 Ezechiae
579 440 817 536 praedirtillet:
858 444 1018 537 Protegam
1033 446 1139 525 urbem
1154 447 1240 517 dam
1258 466 1329 543 pro·
1437 525 1441 536 ,

266 560 343 637 pter
362 533 428 625 aire,
460 540 640 638 &propter
664 544 774 614 David
793 542 926 630 seruum
945 568 1074 633 meum,
1112 547 1193 635 quia
1212 547 1250 618 in
1270 547 1328 623 die

272 637 450 733 promillro
474 637 565 712 facia
583 639 658 733 est,
685 639 849 716 &nodiu
869 641 1084 738 adimpleta,
1111 646 1182 717 ait:
1218 646 1261 719 ln
1279 648 1329 719 die
1437 719 1441 730 ,

244 739 432 811 'mandabit
461 742 632 832 maninus,
660 740 722 817 (lc.
772 742 837 812 Ait
859 756 996 813 autem:
1031 748 1143 815 Oratio
1162 750 1230 817 Deo
1249 751 1329 819 vida

268 864 362 926 maa,
390 841 557 929 quoniam
578 839 652 913 hoc
671 836 782 913 modo
801 840 890 912 nihil
907 841 1060 914 medium
1076 846 1259 932 invenitur
1275 849 1339 922 in-·
1372 916 1374 920 .

266 953 325 1011 ter
341 954 558 1033 praeceptum
575 940 843 1013 tuum&mea1n
860 942 1169 1034 tranquillitatem,
1195 942 1253 1018 sed
1263 945 1329 1019 sta·
1414 987 1417 992 ·

269 1041 356 1129 tim,
382 1036 521 1128 inquit,
545 1038 729 1110 invenitur
740 1039 777 1110 in
789 1060 846 1112 me
859 1042 1050 1135 gratiarum
1066 1042 1157 1115 addo
1172 1043 1256 1118 Deo
1273 1044 1328 1126 vi·¹

267 1150 314 1210 tae
338 1158 436 1209 meae.
491 1135 536 1207 Et
557 1137 613 1210 die
636 1158 677 1212 ac
697 1135 831 1228 noete,
857 1139 1002 1233 inquit,
1028 1139 1230 1217 concessam
1250 1165 1271 1216 a
1289 1160 1329 1218 te

266 1234 543 1318 misericordiam
557 1234 643 1310 scite
663 1257 755 1309 cano
772 1237 805 1309 ὰ
822 1240 979 1311 celebro.
1041 1237 1044 1244 “
1307 1239 1310 1245 ’

249 1351 255 1380 ’
347 1329 523 1434 Ejusdem]
549 1335 653 1434 Bona
676 1335 787 1410 futuri
806 1334 921 1411 saeculi
940 1333 1009 1410 else
1029 1335 1161 1430 docet,
1187 1339 1271 1417 duur
1289 1342 1331 1416 il-

269 1434 333 1508 lud
350 1441 428 1504 diem
446 1448 577 1517 vocat,
602 1435 749 1526 inquo,
775 1435 911 1529 inquit,
937 1431 1039 1509 Deus
1053 1438 1214 1531 promisit
1230 1438 1329 1516 misc·

268 1515 462 1607 ricdrdiam
478 1532 574 1607 suam
600 1536 644 1608 ad
667 1536 847 1628 letitiam,
884 1538 1051 1627 quoniam
1073 1557 1150 1610 nox
1172 1540 1206 1610 dc
1229 1552 1330 1614 tene·

266 1631 342 1706 brae
364 1631 443 1708 sunt
465 1635 742 1710 communicatio
771 1656 852 1709 cum
880 1634 966 1709 Deo
986 1656 1051 1732 per
1073 1636 1262 1730 hymnos,
1295 1639 1330 1750 dt

271 1736 463 1824 contentio
481 1755 546 1827 per
561 1753 700 1829 preces.
1347 1757 1350 1762 ·

347 1837 460 1903 Dicam
480 1840 566 1905 Deor
586 1835 740 1932 susceptor
757 1860 895 1909 meuses.
947 1836 1061 1927 Quare
1074 1834 1188 1906 oblitus
1202 1862 1234 1908 es
1248 1829 1331 1910 mei?
1369 1835 1380 1914 s

272 1931 321 2004 Et
331 1956 428 2030 quare
440 1933 643 2032 contristatur
655 1937 768 2021 incedo,
783 1930 986 2026 dumfaffligit
997 1957 1045 2004 me
1059 1931 1232 2007 inimicus?
1243 1930 1330 2029 Um]

253 2027 362 2130 ⁸'Non
382 2033 495 2126 petit,
521 2050 562 2105 ut
585 2035 628 2107 ab
648 2035 797 2109 inimicis
815 2055 891 2107 non
907 2027 1102 2128 affligatur,
1128 2031 1187 2108 sed
1204 2055 1251 2108 ne
1270 2037 1333 2108 tri·

270 2131 417 2206 bulatus
448 2131 689 2207 contristetur.
748 2132 834 2206 Hoc
860 2133 954 2218 enim
978 2134 1146 2227 congruit
1170 2134 1331 2215 athlete,

253 2232 333 2330 „qui
359 2231 464 2304 etiarn
486 2231 522 2303 in
545 2231 651 2304 robus
673 2231 827 2346 adversas
853 2232 915 2304 sibi
941 2233 1154 2323 complacet.
1214 2232 1256 2306 ln
1281 2232 1333 2307 se·

273 2329 399 2422 quenti
413 2346 532 2403 autem
546 2327 702 2422 psalmo,
727 2353 807 2403 curn
826 2330 1005 2425 praeponit
1023 2331 1132 2421 illud,
1158 2334 1271 2424 Quare
1286 2347 1334 2403 me

255 2430 446 2524 repulisti?
471 2430 524 2502 his
541 2429 690 2518 verbis,
714 2432 824 2522 Quare
840 2432 940 2523 tristis
957 2432 1089 2499 incedo?
1115 2431 1259 2503 videtur
1280 2432 1334 2506 in·

274 2527 564 2624 dicare‚illius,
591 2529 689 2622 quia
709 2527 793 2623 Deo
818 2523 989 2621 repulsam
1010 2525 1127 2621 pallus
1149 2529 1222 2618 est,
1249 2550 1334 2621 pro·
1406 2595 1409 2602 .

273 2628 393 2723 prium
415 2623 504 2717 else,
529 2650 606 2712 non
622 2632 665 2702 ab
681 2627 827 2702 inimico
845 2627 1026 2707 tribulari,
1053 2626 1157 2710 sedin
1176 2626 1356 2701 afflidlio·-
1379 2665 1388 2690 s

274 2750 324 2810 ne
352 2727 564 2802 contristari.
629 2726 836 2819 Caeterum,
869 2726 892 2799 si
921 2725 1077 2798 Christus
1109 2723 1336 2816 insequenti

275 2824 492 2921 psalmoista
503 2829 614 2921 dixit,
638 2829 763 2919 utique
779 2826 946 2902 fimiliain
963 2822 1086 2919 spiritu
1104 2824 1194 2897 dixit
1207 2827 1244 2908 in
1257 2825 1347 2912 haec

276 2927 411 3000 verba:
442 2925 745 3024 Utverorpulayli,
771 2926 809 3002 (5
824 2925 996 3023 despexisti,
1022 2924 1335 3023 dafludflicdrissum

280 3043 383 3097 tuum.
409 3022 458 3097 Et
474 3024 580 3121 tristis
594 3021 911 3117 incedit‚‘dicens:
942 3018 1056 3116 Tristis
1071 3025 1108 3122 efl
1123 3028 1232 3096 anima
1256 3052 1335 3099 meo.

278 3123 354 3197 Vel
362 3123 629 3199 subdubitanter
644 3125 799 3199 Christus
816 3126 925 3215 dicit,
952 3121 1045 3215 quasi
1057 3124 1233 3216 quidpiam
1246 3126 1345 3217 ejus·.

276 3223 379 3302 modi
391 3225 504 3297 dicat:
532 3225 629 3323 Quid
643 3227 788 3321 dignum
804 3247 923 3317 operae
938 3226 1072 3318 agitur,
1100 3243 1179 3296 cum
1196 3245 1266 3318 ego
1282 3244 1337 3298 re·

277 3321 537 3420 pulsampaffns
553 3344 621 3417 pro
635 3322 745 3422 salute
759 3327 967 3416 hominum,
982 3343 1002 3394 a
1016 3336 1054 3395 te
1069 3320 1175 3397 tristis
1188 3321 1337 3420 incedo,

279 3420 460 3520 affligente
474 3445 531 3497 me
547 3423 721 3500 inimico?
839 3487 842 3496 .
1022 3487 1028 3502 ,
1316 3519 1318 3524 Ι

357 3528 447 3606 Dum
461 3526 571 3594 dicunt
585 3526 669 3593 midi
682 3522 879 3620 perfingulor
892 3522 977 3613 dies,
1003 3519 1055 3590 uli
1071 3516 1111 3616 ιβ
1128 3522 1216 3592 Deus
1226 3513 1338 3596 'duur3

280 3617 369 3717 dle]
396 3619 509 3696 Forte
533 3619 686 3698 santium
711 3622 861 3697 tristitia.
874 3619 981 3695 afficit
1000 3620 1087 3694 illud
1110 3620 1163 3690 ubi
1187 3622 1230 3693 de
1251 3619 1337 3695 Deo

223 3747 227 3757 ·
280 3721 430 3805 ditium:
457 3722 555 3813 quod
578 3724 700 3800 locum
718 3715 863 3798 indicat.
896 3717 1077 3798 Extrernae
1094 3734 1212 3792 antem
1236 3718 1339 3791 insci·

278 3824 338 3895 tiae
354 3819 425 3916 eil,
453 3821 572 3894 Deum
590 3824 626 3896 in
645 3824 732 3897 loco
749 3819 845 3913 effe,
873 3817 1081 3895 existimare.
1132 3816 1227 3891 Nam
1248 3838 1343 3908 pon·

282 3920 368 3997 dere
385 3916 533 3998 subsistit
545 3922 672 4014 locum
694 3920 867 4101 prodideris
879 3935 998 3997 autem
1013 3938 1141 4016 expers
1155 3914 1344 4099 ἓίέιξῖιιεἸ
1368 4000 1371 4004 ,

758 4096 760 4101 ,
813 4042 834 4094 2
