3242 4609
454 279 1150 376 suuncumursuuuos.
1289 215 1334 389 Ji
1389 279 1392 288 ’

270 451 491 546 corruptione,
514 449 642 524 muttit
664 449 802 524 scilicet
816 461 1010 544 ternpore,
1040 447 1075 524 u
1091 451 1201 546 surget
1223 455 1262 524 in
1283 455 1337 524 irr-

269 553 493 648 corruptione,
535 567 618 622 eum
650 545 917 622 resurreilionir
948 562 1091 645 tempus
1123 549 1335 642 adveneritt

271 648 475 724 tumetium
491 648 727 742 corruptibile
740 647 814 720 hoc
830 647 988 723 induerit
1001 651 1334 744 incorruptionem,

270 747 309 822 ut
322 746 567 840 numme-hoc
586 748 744 822 induerit
761 747 1091 829 immortalitatem,
1116 765 1205 825 tuuc
1226 761 1336 825 erunt

269 847 433 940 reliquie
447 846 598 919 -homiui
616 842 783 942 pacifico.
847 845 966 922 Erunt
982 859 1103 923 autum
1122 851 1170 922 ibl
1191 846 1336 943 pacifici

269 945 430 1022 homiuir
447 945 606 1038 reliquie
626 948 793 1038 inpete,
820 947 908 1021 &in
925 947 1061 1039 requie.
1110 947 1215 1022 Dicit
1236 951 1335 1023 enim

271 1045 309 1120 ἀ
328 1044 514 1121 Dominus
536 1043 581 1118 de
604 1041 796 1141 pacificis,
831 1048 914 1138 quia
939 1047 1045 1122 etiam
1057 1046 1130 1138 filii
1153 1051 1219 1122 Dei
1242 1074 1336 1121 urra-

269 1144 407 1218 tuerer.
460 1146 557 1217 Pater
573 1146 662 1231 vulo,
685 1155 726 1216 rr't
748 1145 802 1216 rrii
821 1147 969 1239 rgrsrrrrr,
993 1143 1029 1221 θ
1053 1146 1104 1245 r'flr'
1126 1148 1335 1247 mecumfirrl.

268 1243 366 1320 Sunt
381 1263 468 1340 ergo
486 1263 570 1318 cum
587 1241 729 1318 Christo
751 1245 911 1338 reliquie
930 1245 1086 1320 hominis
1103 1244 1260 1341 pacifici.

349 1367 384 1440 7.
414 1345 950 1442 iniquitatem-exterminabuntur
957 1345 1074 1442 firmi,-
1087 1344 1124 1418 id
1140 1343 1191 1419 est
1204 1366 1333 1420 omnes

269 1443 406 1540 puriter
420 1445 777 1542 eutermiurbuutur‚
803 1445 887 1539 quir
901 1464 995 1518 unus
1013 1441 1095 1518 finis
1115 1445 1185 1519 erit
1204 1465 1335 1520 eorum

270 1541 452 1640 gehenna.
500 1545 656 1643 Reliquit
671 1549 839 1643 inpiorum
854 1545 1020 1637 peribunt,
1044 1562 1136 1618 tunc
1151 1563 1233 1618 cum
1252 1563 1336 1618 cor·
1378 1589 1380 1594 -

269 1661 342 1738 pue
362 1641 397 1715 ἀ
416 1641 568 1717 unimam
591 1641 771 1737 perditum
792 1643 892 1718 debit
910 1644 948 1717 in
970 1641 1172 1741 gehennam
1194 1644 1245 1737 ir,
1272 1645 1336 1736 qui

270 1741 385 1818 hebet
411 1739 638 1835 potestatem.
705 1745 804 1818 Sales
829 1759 936 1814 aurern
956 1743 1113 1843 juliorum
1138 1767 1159 1814 r
1185 1746 1335 1818 Domino.

270 1839 345 1918 sed
361 1841 490 1914 melius
514 1841 602 1915 dicit
618 1845 656 1917 in
678 1861 821 1938 graeco:
847 1845 944 1915 Salus
965 1859 1070 1915 aurem
1081 1841 1237 1939 justorum
1250 1841 1335 1940 apud

273 1944 461 2014 Durrirrrrm
510 1938 602 2015 Nou
623 1943 733 2035 dixit,
766 1945 805 2016 in
827 1944 922 2018 coelo
949 1939 1039 2016 sulus
1061 1939 1265 2035 justorum,
1299 1939 1334 2015 δι

269 2038 347 2114 hoc
373 2040 470 2115 euim
495 2043 678 2136 preterit:
702 2061 781 2116 nou
805 2038 900 2139 apud
926 2041 1080 2134 aliquam
1103 2052 1333 2132 creaturum,

272 2140 358 2232 quia
381 2138 471 2238 nillil
494 2141 680 2214 immobile
699 2141 761 2214 vel
784 2140 1027 2216 immutabile:
1059 2138 1120 2215 sed
1139 2139 1235 2233 rpud
1255 2136 1336 2213 Do·

269 2238 411 2316 minum
427 2236 519 2313 sulus
535 2236 586 2313 est
599 2235 796 2331 justorum,
831 2241 894 2332 qui
911 2238 1049 2333 semper
1066 2249 1213 2331 manet,
1244 2235 1337 2314 sem·

270 2356 337 2434 per
362 2338 459 2413 idem
484 2335 554 2418 est,
579 2337 718 2432 semper
749 2339 943 2413 immobilis
978 2337 1052 2429 est,
1085 2357 1156 2412 nec
1179 2357 1332 2429 usquam

271 2433 394 2532 potest
423 2433 494 2510 ell'e
514 2437 630 2513 tutius
654 2437 745 2513 selus
770 2437 927 2510 hominis
952 2455 1057 2530 quem
1082 2437 1176 2531 apud
1202 2436 1331 2511 Domi·
1377 2509 1384 2520 ,

270 2555 373 2612 uum.
422 2534 490 2610 Ille
514 2537 601 2614 mihi
623 2538 751 2628 locus,
777 2536 839 2609 ille
858 2535 944 2610 mihi
967 2535 1121 2628 domur,
1155 2534 1219 2610 ille
1243 2533 1333 2610 milri

271 2633 430 2718 minuo,
454 2636 692 2728 illerequier,
717 2633 835 2709 illefit
851 2633 1107 2712 habitaculum.
1158 2631 1334 2726 Denique

273 2735 514 2810 annunciatur
538 2738 647 2812 nobie
668 2757 688 2810 ι
712 2733 827 2810 sautia
842 2732 1017 2825 scripture
1036 2754 1115 2808 uon
1143 2731 1257 2808 solum
1278 2753 1336 2806 re·
1426 2777 1428 2782 -

271 2851 385 2930 guum
405 2834 600 2927 celorum,
636 2834 696 2910 sed
722 2852 872 2931 regnum
900 2834 984 2910 Dei.
1036 2830 1140 2908 Ut&
1161 2832 1345 2926 memini,¹

271 2951 332 3008 me
352 2933 426 3025 jrm
448 2934 540 3024 lupe
558 2932 708 3025 diutile,
733 2951 883 3029 reguum
906 2935 1081 3006 culorum
1107 2930 1159 3006 est
1186 2951 1334 3012 eorum,

272 3031 336 3124 uui
354 3030 471 3116 ,adhuc
486 3031 523 3105 in
540 3030 828 3125 profeuionibue
847 3028 946 3105 suut:
970 3051 1119 3128 reguum
1140 3051 1230 3104 vero
1243 3029 1333 3112 Dei,

273 3149 426 3222 eorum,
451 3131 513 3222 qui
527 3133 599 3225 jrm
615 3133 658 3207 ed
675 3127 874 3225 perfetlum
892 3143 1076 3204 venerunt
1094 3126 1217 3206 finem.
1254 3125 1333 3202 Uu-

273 3229 320 3306 de
335 3229 371 3304 δι
387 3248 486 3306 nuuc
505 3228 596 3306 salus
613 3228 697 3325 justi
717 3228 812 3324 apud
837 3227 956 3304 Deum
975 3228 1045 3302 elle
1067 3228 1222 3321 dicitur,
1248 3248 1332 3303 cum

273 3329 403 3421 utique
424 3328 648 3424 perfetione
671 3332 756 3404 vitu
776 3347 894 3419 usque
923 3327 966 3403 ad
992 3328 1104 3422 ipsum
1130 3326 1332 3403 Dominum

273 3428 447 3600 we
460 3424 1336 3627 taliliui'lllilllu'‘lll'lzlll

273 3647 350 3720 quo
360 3624 493 3720 sumur,
503 3549 1331 3724 eumpermilfmmngustemineedimuuquae

276 3728 378 3800 ducit
398 3725 442 3798 ud
462 3724 600 3802 vitum?
624 3726 661 3801 Si
677 3740 798 3801 tamen
812 3746 877 3819 per
889 3723 1067 3822 augustam
1084 3727 1185 3800 viam¹
1199 3723 1334 3797 incedi·

277 3843 379 3921 mue,
406 3845 486 3919 quae
515 3824 616 3903 ducit
635 3825 681 3904 td
700 3827 835 3998 ritem,
868 3823 1000 3902 &nou
1021 3844 1087 3919 per
1108 3824 1203 3899 illem
1224 3823 1334 3994 legum
