3242 4609
440 245 830 370 ‘srrrcrnru
851 213 1153 365 ¹isanlr'os.
1246 287 1267 348 ·.
1291 211 1372 390 99¹

267 443 361 524 funt
376 441 511 522 stantes
529 441 814 541 superparem,
850 442 887 519 id
904 439 977 538 est,
1005 441 1110 539 super
1126 439 1241 543 ipsum
1257 445 1337 532 Do
1361 445 1364 458 '

266 548 409 628 minum
424 541 554 720 {esum
577 541 767 717 Cshristugn.
831 541 952 717 Quoia
970 543 1069 717 slsilta
1097 545 1240 667 stabiles
1255 552 1336 668 ¹else
1361 653 1365 672 Ι

269 664 353 726 non
371 668 423 742 po
451 665 577 735 umua,
618 663 710 718 ecun
737 665 797 720 um
818 665 889 720 nos
927 661 975 732 ,e
1007 661 1115 722 atem
1135 647 1168 720 dr
1185 652 1337 727 mserror

231 777 234 784 ·
269 743 437 841 suscipiat
446 745 600 864 gradus,
622 757 665 817 ut
677 744 738 818 vel
748 746 867 840 paulo
879 744 997 821 minua
1013 763 1234 822 moveantur
1245 750 1346 847 gresff

270 843 572 1039 sungffiueniam
584 961 633 1039 ego
651 948 689 1016 in
696 941 822 1042 flageio
841 913 975 1042 parolus
990 946 1070 1033 [um.
1100 981 1102 990 ·
1120 943 1238 1024 Etiam
1257 950 1335 1030 haec

270 1066 349 1120 vox
364 1048 473 1132 boni,
497 1044 677 1141 &optimi
692 1041 756 1142 (ut
773 1047 823 1118 ita
845 1044 1015 1148 dixerim)
1039 1051 1243 1140 peccatoria
1264 1049 1336 1136 est,
1408 1083 1411 1092 ·

271 1146 546 1239 quideliquerit
566 1145 730 1238 quidem,
763 1144 944 1240 exspeiiet
969 1160 1091 1219 tamen
1119 1148 1334 1228 deliitorum

269 1244 431 1343 flagella,
456 1247 584 1337 quibus
607 1245 644 1318 in
664 1242 829 1337 praesenti
847 1255 955 1338 optet
975 1244 1177 1338 emendari,
1201 1269 1250 1322 ne
1270 1263 1335 1343 pu·

268 1345 442 1420 niatur&
464 1356 591 1440 pereat
608 1346 646 1417 in
667 1343 804 1426 futuro.
855 1343 1027 1439 Propone
1049 1347 1114 1418 tibi
1139 1361 1225 1420 ante
1247 1341 1336 1422 ocu·
1387 1393 1392 1408 ι

270 1445 329 1524 loa
354 1461 587 1537 peccatorem
607 1443 788 1519 dicentem
812 1445 858 1516 ad
879 1444 1106 1518 Dominum:
1139 1443 1220 1541 Ego
1244 1463 1334 1538 quo·-

270 1548 365 1619 niam
377 1543 551 1638 pecuaria
571 1545 644 1638 jam
660 1563 759 1617 nunc
774 1546 812 1645 in
825 1541 965 1640 flagella
983 1559 1126 1638 paratus
1142 1544 1235 1630 sum,
1254 1549 1333 1622 noli
1439 1584 1442 1590 ·

269 1665 328 1720 ane
347 1642 529 1717 reservare
552 1645 625 1742 igni
647 1657 814 1737 eterno,
846 1645 925 1717 noli
951 1663 1010 1717 me
1028 1645 1210 1744 reservare
1233 1657 1335 1720 exte·

269 1746 426 1838 rioribus
439 1747 611 1820 tenebris.
661 1743 760 1819 Dum
779 1746 817 1817 in
837 1743 906 1818 hac
924 1744 1113 1826 vitalum,
1138 1745 1251 1819 redde
1267 1747 1334 1821 ml·

267 1842 305 1918 hi
337 1859 490 1938 peecata
514 1865 594 1920 mea
605 1837 622 1933 ,’
643 1845 815 1936 quoniam
840 1841 998 1940 flagellas
1024 1865 1171 1918 omnem
1197 1842 1331 1939 lilium,

270 1961 378 2035 quem
397 1945 540 2038 recipis.
592 1941 672 2016 Oro
687 1955 747 2036 te,
773 1939 914 2039 flagella
930 1966 989 2019 me
1008 1964 1175 2037 quoque,
1204 1945 1332 2030 &noli

268 2063 327 2118 me
339 2041 521 2117 reservare
538 2062 620 2117 cunr
632 2046 708 2138 laia,
727 2043 787 2136 qui
800 2064 879 2117 non
891 2039 1134 2140 flagellantur,
1160 2045 1219 2137 qui
1237 2051 1273 2114 in
1286 2046 1334 2117 la·

270 2143 394 2216 lovilio
409 2146 572 2214 homiuum
587 2167 653 2214 nom
661 2145 762 2232 sunt,
787 2144 827 2220 ὕ
843 2167 911 2213 cum
924 2145 1105 2214 hominibus
1119 2133 1186 2215 aron
1193 2139 1334 2241 flagello·

268 2242 407 2330 luatur,
429 2240 552 2325 idest,
578 2244 640 2335 qui
655 2245 800 2336 penitus
810 2244 1114 2335 ¹derelinquuntur
1129 2265 1149 2316 a
1163 2257 1218 2331 te,
1244 2259 1335 2338 quo·

268 2364 347 2418 rum
381 2343 673 2419 emendationem
705 2344 1051 2434 correptionemque
1083 2363 1162 2417 non
1195 2343 1335 2437 quaerit.

258 2443 394 2518 Sciens
408 2463 518 2539 ergo,
545 2462 623 2536 quae
642 2439 685 2514 sit
701 2438 927 2535 differentia,
945 2461 1025 2515 cum
1033 2441 1236 2539 flagellatur
1250 2463 1336 2538 pec·

271 2557 376 2617 catot·
391 2543 435 2617 ab
452 2543 606 2638 eo‚·qui
619 2541 762 2640 flaredat
783 2566 903 2612 omnem
920 2542 1055 2635 filium,
1086 2566 1176 2641 quem
1202 2549 1333 2638 recipit,

269 2644 304 2716 dr
324 2664 403 2735 quae
425 2641 466 2716 srt
488 2639 696 2717 differentia
717 2643 818 2733 ejus,
846 2641 907 2733 qui
930 2640 1056 2736 dignus
1079 2659 1158 2713 non
1179 2639 1335 2714 hahetur

269 2742 447 2839 flagellis,
473 2744 523 2816 ait
547 2741 590 2815 ad
613 2740 837 2816 Dominum:
867 2735 949 2837 Ego
970 2741 1008 2813 in
1031 2737 1170 2836 flagella
1189 2754 1333 2833 paratus

267 2842 365 2935 sum,
391 2839 515 2933 idest,
542 2839 740 2914 srvolueris
751 2839 988 2935 superducere
1002 2842 1194 2935 languores
1207 2843 1245 2913 iu
1261 2857 1335 2920 me,

267 2946 415 3018 mittere
432 2939 684 3038 aegritudines,
712 2940 951 3016 tolerabiliter
973 2940 1103 3013 feram:
1129 2937 1225 3019 scio,
1250 2941 1334 3031 qula

268 3045 397 3139 dignus
422 3040 518 3133 sum,
545 3053 588 3112 ut
611 3060 689 3114 non
713 3042 827 3114 solum
848 3059 914 3133 per
937 3039 1163 3135 aegritudirres
1181 3050 1333 3132 peccata

267 3164 349 3217 mea
363 3141 568 3231 solvantur,
594 3135 653 3212 sed
668 3163 733 3234 per
752 3155 880 3212 omnes
895 3136 1105 3212 affliilionea
1117 3141 1257 3234 purgari
1272 3138 1335 3210 de·

265 3242 407 3334 sidero,
433 3254 575 3334 tantum
592 3251 634 3310 ut
654 3241 798 3313 aeternis
817 3240 932 3334 poenis
956 3237 990 3309 da
1013 3239 1231 3311 cruciatibus
1252 3256 1333 3310 nora

267 3342 443 3416 reservet.
494 3337 530 3412 Si
550 3339 672 3432 placet
689 3339 823 3413 inferre
843 3338 992 3418 damna,
1016 3334 1193 3409 sustineo:
1219 3335 1243 3410 ss
1260 3338 1335 3430 pla·
1354 3421 1359 3444 s

267 3455 331 3516 cet
354 3460 482 3514 omnes
502 3438 693 3512 facultates
709 3440 850 3534 perire,
877 3438 1098 3529 depereant,
1125 3449 1333 3509 tantumne
1375 3469 1379 3484 ·

269 3542 388 3614 anima
407 3553 533 3633 pereat
547 3538 641 3634 apud
663 3551 712 3614 te.
763 3537 801 3612 Si
822 3557 888 3633 per
908 3549 1064 3609 mortem
1090 3537 1280 3628 charorum
1298 3533 1334 3606 dt

269 3640 558 3732 propinquorum
573 3639 628 3710 vis
649 3659 708 3712 me
721 3639 889 3734 purgari,
910 3637 1111 3710 moriantur
1126 3636 1236 3708 etiam
1255 3631 1333 3730 ipsi,

268 3747 313 3811 tat
331 3736 367 3809 &
381 3736 444 3830 ἱρῇ
461 3758 510 3812 ex
526 3738 732 3830 huiusmodi
749 3738 905 3810 vinculis
919 3736 1144 3826 liberentur,
1169 3733 1350 3806 auferam·

259 3849 329 3926 xtur
343 3833 436 3929 filii,
461 3837 546 3910 dum
565 3838 682 3910 adhuc
699 3838 803 3931 pueri
820 3836 927 3926 sunt,
954 3834 988 3906 dt
1007 3835 1052 3907 1η
1060 3833 1207 3907 rudibus
1229 3832 1333 3905 annis

268 3934 378 4034 politi
394 3934 558 4012 nondum
578 3939 803 4108 gravioribrg
825 3946 1063 4031 peccatorum
1080 3930 1334 4106 summme·

827 4055 849 4109 2
1270 4050 1291 4103 r
