3242 4609
345 319 348 324 ·
415 221 1117 394 sucucuamrsanmos.
1178 227 1199 272 ²
1232 281 1324 386 κς·-
1373 276 1377 284 ·

241 455 483 550 voluptariam
498 453 533 526 de
547 453 760 547 pallionibus
780 452 962 542 deditams
991 475 1072 527 cum
1089 454 1182 533 enim
1200 455 1241 528 in
1256 456 1300 530 iis

241 557 379 650 sempr
397 566 539 632 maneat
555 555 659 626 labor
680 556 774 628 circa
795 555 914 645 mala,
950 567 1056 645 atque
1077 554 1190 628 dolus
1205 556 1300 628 circa

244 654 506 748 deceptiones,
542 653 626 726 hinc
643 652 711 745 fit,
743 668 784 726 ut
805 654 994 745 impleatur
1017 655 1131 747 illud,
1163 681 1228 726 non
1250 663 1299 726 de-

232 757 322 849 fecit
344 757 381 823 de
386 756 570 846 pluteus
541 779 608 849 ejus
630 755 724 842 usura
746 753 784 831 (5
807 756 921 826 dotus.
965 753 1109 828 Etenim
1138 754 1220 836 dum
1241 755 1299 847 hi,

241 854 304 946 qui
332 852 407 924 ad
397 851 620 944 iniquitatem
638 855 771 945 promti
794 852 898 943 sunt,
924 851 1106 946 firrgulas'
1096 856 1323 946 iniquitates.

240 954 287 1026 ad
314 972 425 1034 uuum
451 942 592 1026 malitiae
615 955 846 1045 complexum
866 954 1026 1042 librant,
1062 953 1321 1028 indesinentem

238 1052 433 1125 desiderata
456 1045 689 1142 perficiunt,
712 1053 757 1126 ad
778 1052 1019 1128 indelebilem
1026 1054 1229 1127 columnam
1253 1050 1314 1129 as··.
1350 1099 1353 1108 ·

237 1151 361 1226 sumtis
379 1152 578 1244 operibus
569 1153 766 1242 miquitatis
782 1173 919 1226 eornm.
1152 1221 1154 1226 .

318 1253 467 1322 Alienati
473 1257 556 1339 lunt
569 1271 741 1344 peccatores
755 1279 775 1323 a
789 1256 912 1336 vulva,
940 1267 1133 1322 erraverunt
1144 1229 1184 1322 ub
1200 1266 1301 1339 utero,

238 1351 339 1423 laute·
348 1350 432 1439 sent
438 1350 544 1442 falti,
571 1347 658 1466 de]
685 1352 897 1424 Alienantnr
913 1368 938 1422 a·
948 1345 1061 1424 uulua
1076 1351 1109 1422 dc
1124 1364 1243 1424 errant
1257 1352 1301 1423 ab
1319 1395 1322 1406 ·
1389 1410 1392 1431 .

237 1466 371 1543 utero,
386 1452 459 1542 qui
474 1472 494 1521 a
509 1453 661 1543 pueritia
678 1472 754 1524 nou
778 1451 823 1526 ad
845 1455 1041 1535 virtutem,
1069 1452 1126 1550 sed
1142 1455 1185 1536 ad
1203 1448 1300 1522 mali·
1315 1515 1321 1524 .

237 1552 327 1624 tiam
352 1550 571 1645 gradiuntur
649 1601 652 1606 ·
1284 1585 1324 1624 ·;·

319 1654 423 1721 Furor
437 1654 500 1728 illis
508 1653 676 1737 fecundum
689 1649 927 1744 fimilitudinem
937 1651 1111 1745 serpentis,
1121 1647 1204 1746 ficut
1218 1633 1299 1746 aspi-

239 1747 290 1826 dis
309 1751 411 1838 surdae
429 1750 662 1826 &obturantis
676 1778 770 1824 aures
781 1752 875 1839 suus,
901 1750 984 1843 din]
1012 1749 1140 1824 Omnis
1162 1751 1298 1840 anima,

240 1870 321 1948 quae
335 1845 501 1922 salutares
517 1872 595 1926 non
607 1850 916 1946 audrtsermones
943 1853 1030 1944 aspis
1048 1849 1117 1944 est,
1144 1874 1221 1944 quae
1235 1852 1301 1922 ob

238 1963 340 2024 tutat
361 1969 463 2022 aures
488 1945 575 2024 seras.

319 2050 496 2145 Ejusdem]
529 2050 682 2142 Propter
706 2065 940 2144 peccatorum
957 2001 1151 2144 furorem,
1168 2049 1227 2167 qui
1248 2044 1299 2126 est

237 2145 331 2222 licut
350 2147 453 2222 furor
473 2150 666 2241 serpentis,
688 2150 864 2225 dicitur
833 2175 905 2225 ers·
932 2156 1115 2243 Serpentes,
1136 2154 1299 2243 genimina

238 2255 437 2345 viperarum.
488 2248 579 2322 Non
596 2251 688 2322 enim
709 2252 768 2342 id,
795 2251 894 2342 quod
908 2247 1168 2323 estsecundum
1187 2249 1323 2322 simili.

238 2348 403 2422 tudinem
425 2348 532 2439 Dei,
553 2345 612 2421 sed
636 2351 732 2440 quod
757 2349 806 2423 est
825 2348 1016 2423 secundum
1040 2349 1300 2422 similitudinem
1358 2411 1360 2416 .

239 2447 442 2540 serpentis,
467 2462 695 2541 receperunt.
747 2449 803 2521 Ac
827 2448 960 2523 sanctus
985 2450 1127 2539 quidem
1144 2449 1301 2521 obturat

241 2568 366 2637 aures,
392 2569 438 2620 ne
453 2548 573 2620 audiat
585 2547 756 2640 judicium
770 2545 965 2645 sanguinis,
993 2549 1209 2637 &tanquam
1230 2546 1320 2632 sun,

241 2648 309 2727 dus
327 2667 404 2720 non
426 2647 525 2731 audit,
542 2648 633 2722 mala
650 2672 662 2737 ς
689 2664 863 2738 peccator
884 2661 1002 2720 autern
1019 2667 1095 2718 non
1117 2648 1214 2717 auelit
1235 2649 1302 2719 boi

240 2768 311 2829 na,
339 2745 636 2838 quemadmodum
659 2744 745 2843 aspis
770 2748 890 2833 surda,
926 2766 1003 2838 quae
1029 2748 1299 2821 obturat·aures

242 2847 343 2936 suas,
369 2865 416 2919 ne
434 2847 553 2919 audiat
572 2868 703 2920 vocem
720 2845 988 2921 incantantium.
1040 2844 1225 2918 Obturant
1244 2867 1303 2919 uu·

244 2947 366 3020 tem&
382 2949 419 3020 hi
443 2966 566 3033 autres,
594 2947 784 3038 dequibus
805 2944 921 3020 sermo
943 2942 1017 3038 est,
1044 2963 1120 3017 non
1142 2943 1300 3042 seniles,

243 3045 303 3121 sed
318 3044 667 3137 intelledtuales,·ne
680 3047 826 3120 audiant
837 3069 901 3121 eos
917 3097 929 3139 ,
949 3046 1016 3137 ¹qui
1030 3042 1203 3139 sapientes
1216 3046 1308 3120 Pro··

243 3149 433 3240 phetarum
467 3146 500 3217 dr
536 3141 798 3261 Apostolorum
825 3147 1089 3219 incantationes
1120 3144 1302 3220 adhibent.

243 3248 387 3324 Horum
398 3266 492 3318 emm
505 3263 746 3336 unusqtilsque
759 3241 894 3340 sapiens
905 3245 955 3318 est
966 3246 1205 3319 remediorum
1217 3266 1305 3320 con

245 3346 376 3437 fettor,
394 3346 467 3418 hoc
483 3343 548 3435 est,
562 3358 736 3439 praeparat
753 3345 948 3420 remedium
963 3346 1188 3470 rationabile,
1205 3346 1305 3437 quod

246 3445 403 3543 aspidis
394 3459 566 3538 tmpetum
593 3461 752 3519 coercet.
951 3457 955 3466 “

326 3550 414 3618 Deus
432 3559 569 3616 conteret
578 3547 708 3636 dentes,
734 3537 820 3637 din]
850 3539 1017 3635 Confregit
1033 3559 1101 3635 pro
1123 3543 1305 3638 confringet

246 3639 367 3740 posuit
384 3663 449 3738 per
461 3660 634 3737 tempons
646 3644 943 3719 nnmutatronem
970 3640 1055 3718 Hoc
1071 3658 1189 3718 autem
1205 3645 1303 3717 Deus
1355 3705 1360 3722 .

211 3762 220 3784 ·
243 3746 335 3824 sacre
348 3745 442 3817 bene
455 3741 499 3817 de
506 3743 591 3836 rpsrs
601 3745 794 3835 merendo,
819 3765 865 3816 ne
878 3739 1115 3816 hommesase
1131 3744 1242 3838 decep
1245 3759 1306 3817 tos
1358 3798 1361 3806 ,

248 3830 468 3920 devorantes
489 3864 556 3935 ma]
560 3862 615 3915 on
606 3840 804 3938 supplicio
823 3842 1041 3932 addicantur.
1092 3768 1242 3928 Porrop
1229 3864 1306 3916 rno-

247 3945 299 4040 las
317 3963 445 4020 eorum
467 3962 612 4035 quoque
632 3942 839 4041 confregit,
872 3963 919 4016 ne
942 3939 1173 4032 morderent,
1210 3962 1307 4016 neve

301 4047 447 4140 oceanis
476 4039 565 4118 rone
596 4043 694 4119 Vm.
898 4037 927 4115 P
1147 4039 1266 4117 deuo·
