3242 4609
382 382 1079 558 enuntiatursatruos.
1184 337 1265 485 ur
1369 461 1371 466 ,

205 563 329 634 Ν
323 558 385 656 st
387 559 444 629 uod
462 559 511 627 tex
526 575 584 629 tun
603 556 766 632 meditatio
783 578 849 623 mea
833 510 921 649 ιβ,
948 568 1031 623 tunt
1038 552 1130 644 forte
1147 557 1260 648 pariis
1288 605 1307 612 ..

193 662 296 745 {em
286 685 320 728 m
347 584 640 742 humiliaremur,
666 658 747 745 σε]
797 655 899 727 Vere
924 655 1067 726 beatum
1085 650 1154 743 est,
1180 675 1262 729 non

191 751 319 854 perire
339 779 424 850 eos,
451 778 510 849 qur
501 755 637 828 sunt
628 776 665 827 rn
687 753 999 869 tribulationibus,
1027 754 1136 826 verbi
1145 757 1259 849 gratia
1335 756 1338 760 ’

190 862 246 931 in
261 859 460 950 martyrio.
497 855 574 929 Nisr
593 858 669 947 quis
692 854 789 948 prius
808 854 999 945 meditatus
1015 837 1124 927 fuerit
1144 855 1261 1004 legem
1385 871 1390 940 “,

188 957 273 1030 Dei
349 959 427 1032 erit
525 1026 528 1032 ,
595 971 598 977 ’

280 981 427 1127 bridius
414 1056 687 1147 consummationis
707 1053 780 1124 vidi
795 1054 916 1145 finem,
951 1052 1054 1123 datum
1075 997 1263 1126 mandatum

190 1173 293 1230 tuum
317 1163 434 1242 nimis,
461 1155 546 1251 uc]
583 1154 696 1248 Super
718 1169 843 1227 omnes
866 1168 1065 1227 extraneos
1079 1152 1262 1229 sermones
1392 1227 1397 1232 .

191 1247 318 1344 verba
350 1258 597 1382 mandatorum
634 1255 705 1328 Dei
740 1268 978 1352 expurgatam
1000 1254 1151 1380 animam
1176 1255 1263 1327 dila·

194 1371 296 1431 tant.

281 1456 437 1549 Quomodo
452 1456 550 1527 dilexi
566 1457 754 1546 iegemtuom
768 1457 930 1529 nominet
949 1469 1017 1525 tota
1033 1431 1084 1525 dia
1100 1456 1268 1536 meditatio
1386 1463 1389 1484 ¹

193 1582 274 1627 mea
289 1558 348 1654 est,
373 1554 458 1651 dtu]
492 1554 705 1627 Meditanda
716 1557 773 1626 lex
793 1553 934 1626 estnon
951 1552 1096 1629 stolum
1086 1575 1123 1629 ιη
1140 1557 1262 1629 verbis
1292 1579 1296 1594 ²

198 1655 241 1730 δι-
263 1659 438 1748 vocibus,
464 1653 522 1729 sed
545 1656 649 1728 etiam
667 1657 704 1727 in
721 1653 930 1728 actionibus.
986 1657 1186 1751 Quandoe
1166 1658 1263 1729 enim

201 1758 284 1847 quis
301 1756 413 1851 legit,
440 1757 660 1927 intelligens,
687 1776 763 1846 quae
779 1756 968 1844 dicuntur,
996 1755 1177 1828 &faciens
1194 1771 1273 1848 ea,

202 1856 320 1930 nihii
311 1878 347 1928 rn
363 1858 519 1947 qualibet
537 1856 590 1928 au
591 1856 676 1928 ione
693 1856 886 1971 omittens,
912 1853 994 1927 sed
985 1876 1020 1927 m
1035 1858 1201 1929 omnibus
1215 1855 1266 1929 fa·
1367 1919 1370 1926 ,

205 1956 306 2027 ciens
326 1955 385 2046 id,
413 1957 509 2046 quod
530 1958 589 2027 lex
606 1959 709 2047 vult,
735 1956 814 2028 is&
832 1956 978 2045 diceus,
1005 1954 1203 2071 &degeam
1230 1956 1267 2029 da
1286 1975 1297 2000 ··

202 2054 342 2128 faciens
362 2055 551 2127 meditatur
569 2058 684 2151 legem
698 2054 780 2129 Dei.
831 2048 916 2127 Hoc
937 2056 1052 2125 ioco
1042 2070 1164 2146 itaque
1179 2056 1266 2127 drcr
1372 2147 1374 2152 Ι

206 2170 291 2268 tur,
323 2148 406 2225 Toto
423 2158 471 2226 die
490 2156 651 2226 meditatio
669 2181 733 2226 mea
751 2153 808 2249 esi:
823 2154 870 2225 in
887 2156 1004 2246 primo
1022 2175 1114 2226 vero
1130 2153 1264 2247 psalmo·

207 2256 278 2343 ait,
305 2275 381 2328 non
394 2254 514 2329 solum
521 2256 598 2345 die,
626 2254 803 2327 sedetiam
822 2254 929 2327 noue
944 2252 1181 2329 meditandam
1197 2252 1270 2327 effe

205 2356 324 2448 legem
341 2356 410 2446 illi,
437 2376 495 2446 qur
487 2354 650 2427 futurus
666 2355 707 2427 sit
721 2356 859 2429 beatus.
887 2353 979 2425 Cur
969 2352 1077 2448 igitur
1089 2355 1162 2427 hoc
1179 2356 1267 2427 loco

206 2454 353 2529 nomem
373 2454 521 2527 omisit?
562 2457 656 2554 Quia
672 2455 731 2527 hic
751 2456 862 2526 mixta
884 2452 934 2528 est
955 2456 1033 2525 vita
1057 2454 1266 2549 hominum,

209 2555 351 2627 idcirco
377 2576 472 2626 nunc
494 2554 642 2629 &diem
667 2556 836 2627 habemus
863 2552 1086 2642 &notiom3
1121 2556 1267 2647 quando

209 2675 307 2727 vero
328 2654 372 2726 ad
392 2653 607 2727 sanititatem
632 2676 673 2727 ac
695 2654 953 2727 beatitudinem
971 2657 1268 2749 pervenerimus,
1331 2699 1337 2718 =.

210 2756 395 2829 nullanov
406 2757 512 2827 nobis
530 2755 725 2846 obveniet,
752 2754 861 2828 sedin
878 2753 951 2826 fola
967 2753 1024 2825 die
1040 2754 1271 2834 versabimur.

213 2852 409 2926 Considera
421 2855 545 2949 igitur,
571 2854 756 2947 quomodo
772 2854 821 2944 is,
849 2856 908 2944 qui
928 2854 985 2927 hic
1000 2856 1176 2948 ambulat,
1203 2875 1273 2930 nec
1338 2859 1340 2864 '
1404 2905 1406 2912 -

212 2953 406 3027 secundum
426 2956 537 3027 vitam
553 2954 729 3047 perfeitus
745 2952 795 3028 est
809 2950 1024 3050 (ambulatio
1040 2955 1133 3030 enim
1148 2954 1199 3029 est
1208 2957 1273 3030 hu·

215 3056 271 3147 jus
287 3054 372 3124 vitae
388 3054 639 3152 conversatio)
661 3054 823 3127 noudum
842 3074 931 3147 pure
947 3055 1108 3147 incedit,
1133 3054 1194 3129 sed
1211 3057 1272 3131 ali·

216 3154 362 3245 quando
381 3154 488 3226 indie
506 3153 576 3245 est,
603 3154 818 3246 quandoque
832 3173 925 3226 vero
942 3156 978 3226 in
999 3154 1127 3243 noite3
1153 3157 1191 3229 in
1213 3156 1273 3231 die
1368 3198 1378 3207 -

215 3252 381 3346 quidem,
408 3254 551 3344 quando
567 3275 629 3345 ea,
653 3275 729 3346 quae
741 3256 820 3348 lege
836 3252 1035 3347 praescripta
1050 3255 1148 3346 sunt,
1175 3258 1270 3353 agit;

215 3354 253 3426 in
274 3352 382 3425 nodie
405 3373 516 3443 vero,
544 3352 690 3445 quando»
704 3355 865 3426 noudum
883 3366 968 3424 toto
986 3355 1099 3428 corde
1113 3350 1273 3449 (tametfi

215 3455 336 3549 iegem
360 3453 573 3549 meditetur)
601 3452 687 3525 facit
713 3456 854 3549 legem,
889 3455 949 3525 vel
972 3454 1102 3546 etiam,
1129 3457 1275 3548 quando

217 3566 372 3644 contra,
400 3574 503 3643 quam
522 3552 667 3642 deceat,
695 3558 776 3650 agit.
828 3553 927 3647 Qut
917 3554 1023 3648 igitur
1035 3555 1187 3649 incipit
1214 3556 1275 3627 vel
1381 3626 1384 3634 .

217 3655 328 3727 etiam
348 3648 514 3744 proficit,
541 3652 570 3723 is
588 3606 780 3726 meditatur
783 3655 912 3747 legem
932 3654 988 3724 die
1003 3674 1044 3725 ac
1060 3654 1188 3728 noite:
1214 3653 1276 3744 qui

210 3773 314 3825 vero
336 3751 512 3844 perfectus
537 3750 606 3843 est,
632 3752 661 3823 is
681 3773 759 3826 non
779 3747 893 3824 solum
914 3751 1104 3825 versatur
1090 3777 1130 3827 rn
1146 3752 1275 3847 noue,

217 3849 309 3927 sed
299 3851 427 3945 indie,
452 3852 748 3943 quemadmodum
765 3851 893 3944 Paulus
915 3854 985 3925 ait:
1015 3851 1094 3926 Nox
1103 3849 1277 3953 praceffit,
1359 3865 1362 3884 ¹

214 3951 289 4030 M
303 3967 409 4026 mm
420 3959 710 4054 appropinquavit·
727 3953 834 4052 ficut
820 3977 858 4026 m
878 3932 930 4026 dir
945 3953 1064 4058 horefia
1079 3957 1280 4033 ambulem
1344 4001 1348 4013 -
1408 4005 1410 4012 s

187 4041 482 4178 {quom
603 4101 694 4127 ·.
1161 4053 1248 4127 ‘ia
