<?xml version="1.0" encoding="UTF-8"?>
<!DOCTYPE html PUBLIC "-//W3C//DTD XHTML 1.0 Transitional//EN"
    "http://www.w3.org/TR/xhtml1/DTD/xhtml1-transitional.dtd">
<html xmlns="http://www.w3.org/1999/xhtml" xml:lang="en" lang="en">
 <head>
  <title>
</title>
<meta http-equiv="Content-Type" content="text/html;charset=utf-8" />
  <meta name='ocr-system' content='tesseract 3.04.00' />
  <meta name='ocr-capabilities' content='ocr_page ocr_carea ocr_par ocr_line ocrx_word'/>
</head>
<body>
  <div class='ocr_page' id='page_1' title='image "./operaomniasanct00unkngoog/operaomniasanct00unkngoog_0075.png"; bbox 0 0 3242 4609; ppageno 0'>
   <div class='ocr_carea' id='block_1_1' title="bbox 266 323 1335 630">
    <p class='ocr_par' dir='ltr' id='par_1_1' title="bbox 266 323 1335 630">
     <span class='ocr_line' id='line_1_1' title="bbox 389 323 1335 486; baseline -0.005 -45"><span class='ocrx_word' id='word_1_1' title='bbox 389 354 393 362; x_wconf 87' lang='grc'><strong><em>·</em></strong></span> <span class='ocrx_word' id='word_1_2' title='bbox 443 337 1141 486; x_wconf 63' lang='lat' dir='ltr'>seniornenesnpusos.</span> <span class='ocrx_word' id='word_1_3' title='bbox 1215 323 1335 463; x_wconf 38' lang='lat' dir='ltr'>reri</span> 
     </span>
     <span class='ocr_line' id='line_1_2' title="bbox 266 521 1332 630; baseline 0 -29"><span class='ocrx_word' id='word_1_4' title='bbox 266 529 433 630; x_wconf 74' lang='lat' dir='ltr'>draginta</span> <span class='ocrx_word' id='word_1_5' title='bbox 448 526 573 599; x_wconf 79' lang='lat' dir='ltr'>diebus</span> <span class='ocrx_word' id='word_1_6' title='bbox 592 524 627 599; x_wconf 83' lang='lat' dir='ltr'>dr</span> <span class='ocrx_word' id='word_1_7' title='bbox 644 524 873 621; x_wconf 86' lang='lat' dir='ltr'>quadraginta</span> <span class='ocrx_word' id='word_1_8' title='bbox 888 521 1072 618; x_wconf 69' lang='lat' dir='ltr'>nostibup:</span> <span class='ocrx_word' id='word_1_9' title='bbox 1096 525 1194 601; x_wconf 80' lang='lat' dir='ltr'>nunc</span> <span class='ocrx_word' id='word_1_10' title='bbox 1208 525 1332 608; x_wconf 80' lang='lat' dir='ltr'>autem</span> 
     </span>
    </p>
   </div>
   <div class='ocr_carea' id='block_1_2' title="bbox 246 624 1422 4122">
    <p class='ocr_par' dir='ltr' id='par_1_2' title="bbox 246 624 1422 4122">
     <span class='ocr_line' id='line_1_3' title="bbox 271 624 1333 720; baseline 0.001 -16"><span class='ocrx_word' id='word_1_11' title='bbox 271 632 395 720; x_wconf 80' lang='lat' dir='ltr'>corvis</span> <span class='ocrx_word' id='word_1_12' title='bbox 411 625 687 700; x_wconf 87' lang='lat' dir='ltr'>ministrantibus</span> <span class='ocrx_word' id='word_1_13' title='bbox 708 624 937 719; x_wconf 86' lang='lat' dir='ltr'>pascebatur,</span> <span class='ocrx_word' id='word_1_14' title='bbox 964 645 1044 720; x_wconf 83' lang='lat' dir='ltr'>curn</span> <span class='ocrx_word' id='word_1_15' title='bbox 1058 625 1333 717; x_wconf 81' lang='lat' dir='ltr'>eiinmatutino</span> 
     </span>
     <span class='ocr_line' id='line_1_4' title="bbox 268 723 1334 827; baseline -0.002 -23"><span class='ocrx_word' id='word_1_16' title='bbox 268 751 384 827; x_wconf 84' lang='lat' dir='ltr'>panes</span> <span class='ocrx_word' id='word_1_17' title='bbox 397 726 627 801; x_wconf 84' lang='lat' dir='ltr'>deferrent&amp;</span> <span class='ocrx_word' id='word_1_18' title='bbox 643 724 687 798; x_wconf 85' lang='lat' dir='ltr'>ad</span> <span class='ocrx_word' id='word_1_19' title='bbox 704 723 892 819; x_wconf 85' lang='lat' dir='ltr'>uesperum</span> <span class='ocrx_word' id='word_1_20' title='bbox 905 745 1051 816; x_wconf 84' lang='lat' dir='ltr'>carnes,</span> <span class='ocrx_word' id='word_1_21' title='bbox 1063 725 1111 800; x_wconf 81' lang='lat'>.&amp;</span> <span class='ocrx_word' id='word_1_22' title='bbox 1128 727 1259 802; x_wconf 78' lang='lat' dir='ltr'>iterum</span> <span class='ocrx_word' id='word_1_23' title='bbox 1270 750 1334 810; x_wconf 89' lang='lat' dir='ltr'>re·</span> 
     </span>
     <span class='ocr_line' id='line_1_5' title="bbox 267 821 1334 922; baseline 0.006 -21"><span class='ocrx_word' id='word_1_24' title='bbox 267 832 388 920; x_wconf 80' lang='lat' dir='ltr'>fertur</span> <span class='ocrx_word' id='word_1_25' title='bbox 404 823 526 922; x_wconf 80' lang='lat' dir='ltr'>bibjffe</span> <span class='ocrx_word' id='word_1_26' title='bbox 540 846 665 917; x_wconf 86' lang='lat' dir='ltr'>aquanr</span> <span class='ocrx_word' id='word_1_27' title='bbox 680 826 724 904; x_wconf 92' lang='lat' dir='ltr'>de</span> <span class='ocrx_word' id='word_1_28' title='bbox 739 838 905 898; x_wconf 89' lang='lat' dir='ltr'>torrente</span> <span class='ocrx_word' id='word_1_29' title='bbox 920 821 1077 919; x_wconf 77' lang='lat' dir='ltr'>corath,</span> <span class='ocrx_word' id='word_1_30' title='bbox 1103 824 1334 906; x_wconf 83' lang='lat' dir='ltr'>&amp;veniss&#39;ein</span> 
     </span>
     <span class='ocr_line' id='line_1_6' title="bbox 267 924 1419 1021; baseline 0.003 -18"><span class='ocrx_word' id='word_1_31' title='bbox 267 932 422 1021; x_wconf 78' lang='lat' dir='ltr'>Sarepta</span> <span class='ocrx_word' id='word_1_32' title='bbox 443 926 675 1000; x_wconf 85' lang='lat' dir='ltr'>Sidoniorum</span> <span class='ocrx_word' id='word_1_33' title='bbox 697 924 742 998; x_wconf 89' lang='lat' dir='ltr'>ad</span> <span class='ocrx_word' id='word_1_34' title='bbox 758 925 941 998; x_wconf 88' lang='lat' dir='ltr'>mulierem</span> <span class='ocrx_word' id='word_1_35' title='bbox 959 924 1103 1000; x_wconf 88' lang='lat' dir='ltr'>viduam</span> <span class='ocrx_word' id='word_1_36' title='bbox 1125 925 1226 1004; x_wconf 81' lang='lat' dir='ltr'>fanis</span> <span class='ocrx_word' id='word_1_37' title='bbox 1244 941 1334 1006; x_wconf 87' lang='lat' dir='ltr'>tem·</span> <span class='ocrx_word' id='word_1_38' title='bbox 1417 930 1419 940; x_wconf 88' lang='lat'>&#39;</span> 
     </span>
     <span class='ocr_line' id='line_1_7' title="bbox 246 1022 1405 1125; baseline 0.004 -25"><span class='ocrx_word' id='word_1_39' title='bbox 246 1112 249 1115; x_wconf 82' lang='lat'>.</span> <span class='ocrx_word' id='word_1_40' title='bbox 268 1048 388 1125; x_wconf 85' lang='lat' dir='ltr'>pore,</span> <span class='ocrx_word' id='word_1_41' title='bbox 414 1027 447 1098; x_wconf 78' lang='lat' dir='ltr'>dc</span> <span class='ocrx_word' id='word_1_42' title='bbox 466 1027 547 1118; x_wconf 89' lang='lat' dir='ltr'>quia</span> <span class='ocrx_word' id='word_1_43' title='bbox 563 1025 675 1117; x_wconf 89' lang='lat' dir='ltr'>justus</span> <span class='ocrx_word' id='word_1_44' title='bbox 694 1038 794 1117; x_wconf 79' lang='lat' dir='ltr'>erat,</span> <span class='ocrx_word' id='word_1_45' title='bbox 821 1045 896 1098; x_wconf 91' lang='lat' dir='ltr'>non</span> <span class='ocrx_word' id='word_1_46' title='bbox 915 1022 1093 1118; x_wconf 83' lang='lat' dir='ltr'>est-paisu&#39;s</span> <span class='ocrx_word' id='word_1_47' title='bbox 1111 1027 1347 1122; x_wconf 76' lang='lat' dir='ltr'>inediannfa·¹</span> <span class='ocrx_word' id='word_1_48' title='bbox 1403 1031 1405 1038; x_wconf 85' lang='lat'>&#39;</span> 
     </span>
     <span class='ocr_line' id='line_1_8' title="bbox 270 1121 1422 1220; baseline 0.003 -20"><span class='ocrx_word' id='word_1_49' title='bbox 270 1129 363 1219; x_wconf 85' lang='lat' dir='ltr'>mis,</span> <span class='ocrx_word' id='word_1_50' title='bbox 376 1125 436 1216; x_wconf 84' lang='lat' dir='ltr'>sed</span> <span class='ocrx_word' id='word_1_51' title='bbox 448 1128 582 1216; x_wconf 91' lang='lat' dir='ltr'>ubique</span> <span class='ocrx_word' id='word_1_52' title='bbox 593 1125 625 1198; x_wconf 88' lang='lat' dir='ltr'>ei</span> <span class='ocrx_word' id='word_1_53' title='bbox 643 1124 859 1199; x_wconf 87' lang='lat' dir='ltr'>abundantia</span> <span class='ocrx_word' id='word_1_54' title='bbox 872 1121 1000 1217; x_wconf 75' lang='lat' dir='ltr'>presto</span> <span class='ocrx_word' id='word_1_55' title='bbox 1016 1141 1109 1198; x_wconf 84' lang='lat' dir='ltr'>erat:</span> <span class='ocrx_word' id='word_1_56' title='bbox 1136 1143 1243 1220; x_wconf 85' lang='lat' dir='ltr'>atque</span> <span class='ocrx_word' id='word_1_57' title='bbox 1256 1147 1333 1206; x_wconf 85' lang='lat' dir='ltr'>uno</span> <span class='ocrx_word' id='word_1_58' title='bbox 1414 1163 1422 1186; x_wconf 65' lang='grc' dir='ltr'><em>ι</em></span> 
     </span>
     <span class='ocr_line' id='line_1_9' title="bbox 274 1225 1338 1320; baseline -0.002 -18"><span class='ocrx_word' id='word_1_59' title='bbox 274 1227 476 1320; x_wconf 89' lang='lat' dir='ltr'>eodemque</span> <span class='ocrx_word' id='word_1_60' title='bbox 503 1241 669 1317; x_wconf 88' lang='lat' dir='ltr'>ternpore</span> <span class='ocrx_word' id='word_1_61' title='bbox 696 1236 774 1299; x_wconf 87' lang='lat' dir='ltr'>erat</span> <span class='ocrx_word' id='word_1_62' title='bbox 798 1226 1051 1320; x_wconf 80' lang='lat' dir='ltr'>peccatoribus</span> <span class='ocrx_word' id='word_1_63' title='bbox 1075 1226 1210 1300; x_wconf 62' lang='lat' dir='ltr'>fama:</span> <span class='ocrx_word' id='word_1_64' title='bbox 1237 1225 1338 1312; x_wconf 76' lang='lat' dir='ltr'>Eiiae</span> 
     </span>
     <span class='ocr_line' id='line_1_10' title="bbox 273 1323 1334 1423; baseline -0.002 -21"><span class='ocrx_word' id='word_1_65' title='bbox 273 1323 644 1419; x_wconf 81' lang='lat' dir='ltr'>autem‚&#39;quiajustus</span> <span class='ocrx_word' id='word_1_66' title='bbox 664 1336 764 1416; x_wconf 86' lang='lat' dir='ltr'>erat,</span> <span class='ocrx_word' id='word_1_67' title='bbox 789 1323 970 1398; x_wconf 84' lang='lat' dir='ltr'>nesciebat</span> <span class='ocrx_word' id='word_1_68' title='bbox 985 1323 1125 1401; x_wconf 78' lang='lat' dir='ltr'>fannon.</span> <span class='ocrx_word' id='word_1_69' title='bbox 1176 1325 1236 1399; x_wconf 86' lang='lat' dir='ltr'>Sic</span> <span class='ocrx_word' id='word_1_70' title='bbox 1246 1349 1334 1423; x_wconf 86' lang='lat' dir='ltr'>ergo</span> 
     </span>
     <span class='ocr_line' id='line_1_11' title="bbox 276 1419 1338 1516; baseline -0.002 -14"><span class='ocrx_word' id='word_1_71' title='bbox 276 1427 425 1502; x_wconf 87' lang='lat' dir='ltr'>etiamsr</span> <span class='ocrx_word' id='word_1_72' title='bbox 442 1419 552 1500; x_wconf 75' lang='lat' dir='ltr'>fames</span> <span class='ocrx_word' id='word_1_73' title='bbox 571 1426 695 1498; x_wconf 82' lang='lat' dir='ltr'>veniat</span> <span class='ocrx_word' id='word_1_74' title='bbox 709 1425 923 1516; x_wconf 85' lang='lat' dir='ltr'>aliquando,</span> <span class='ocrx_word' id='word_1_75' title='bbox 950 1425 1048 1515; x_wconf 88' lang='lat' dir='ltr'>quod</span> <span class='ocrx_word' id='word_1_76' title='bbox 1065 1425 1244 1500; x_wconf 76' lang='lat' dir='ltr'><strong>Dominus</strong></span> <span class='ocrx_word' id='word_1_77' title='bbox 1259 1447 1338 1500; x_wconf 93' lang='lat' dir='ltr'>non</span> 
     </span>
     <span class='ocr_line' id='line_1_12' title="bbox 272 1523 1336 1623; baseline 0.001 -24"><span class='ocrx_word' id='word_1_78' title='bbox 272 1526 417 1623; x_wconf 81' lang='lat' dir='ltr'>praestet</span> <span class='ocrx_word' id='word_1_79' title='bbox 433 1523 714 1618; x_wconf 78' lang='lat' dir='ltr'>Ecclefiae.·suae,</span> <span class='ocrx_word' id='word_1_80' title='bbox 739 1524 924 1617; x_wconf 81' lang='lat' dir='ltr'>siquando</span> <span class='ocrx_word' id='word_1_81' title='bbox 946 1536 1065 1598; x_wconf 88' lang='lat' dir='ltr'>tamen</span> <span class='ocrx_word' id='word_1_82' title='bbox 1087 1525 1247 1619; x_wconf 87' lang='lat' dir='ltr'>accidat,</span> <span class='ocrx_word' id='word_1_83' title='bbox 1274 1527 1336 1618; x_wconf 91' lang='lat' dir='ltr'>qui</span> 
     </span>
     <span class='ocr_line' id='line_1_13' title="bbox 273 1623 1336 1702; baseline -0.004 0"><span class='ocrx_word' id='word_1_84' title='bbox 273 1629 387 1702; x_wconf 85' lang='lat' dir='ltr'>habet</span> <span class='ocrx_word' id='word_1_85' title='bbox 404 1623 623 1698; x_wconf 68' lang='lat' dir='ltr'>intelleiium</span> <span class='ocrx_word' id='word_1_86' title='bbox 643 1624 677 1697; x_wconf 75' lang='lat' dir='ltr'>u</span> <span class='ocrx_word' id='word_1_87' title='bbox 695 1623 906 1699; x_wconf 84' lang='lat' dir='ltr'>exercitium</span> <span class='ocrx_word' id='word_1_88' title='bbox 924 1625 963 1696; x_wconf 93' lang='lat' dir='ltr'>in</span> <span class='ocrx_word' id='word_1_89' title='bbox 979 1623 1214 1699; x_wconf 86' lang='lat' dir='ltr'>meditatione</span> <span class='ocrx_word' id='word_1_90' title='bbox 1231 1625 1336 1700; x_wconf 89' lang='lat' dir='ltr'>verbi</span> 
     </span>
     <span class='ocr_line' id='line_1_14' title="bbox 274 1722 1336 1822; baseline 0 -22"><span class='ocrx_word' id='word_1_91' title='bbox 274 1725 371 1817; x_wconf 82' lang='lat' dir='ltr'>Dei,</span> <span class='ocrx_word' id='word_1_92' title='bbox 391 1725 434 1798; x_wconf 58' lang='lat'>2&amp;</span> <span class='ocrx_word' id='word_1_93' title='bbox 454 1722 639 1797; x_wconf 87' lang='lat' dir='ltr'>constituit</span> <span class='ocrx_word' id='word_1_94' title='bbox 652 1723 816 1815; x_wconf 82' lang='lat' dir='ltr'>meditari</span> <span class='ocrx_word' id='word_1_95' title='bbox 830 1727 868 1797; x_wconf 92' lang='lat' dir='ltr'>in</span> <span class='ocrx_word' id='word_1_96' title='bbox 885 1724 964 1821; x_wconf 86' lang='lat' dir='ltr'>lege</span> <span class='ocrx_word' id='word_1_97' title='bbox 977 1725 1054 1816; x_wconf 85' lang='lat' dir='ltr'>ejus</span> <span class='ocrx_word' id='word_1_98' title='bbox 1073 1725 1130 1799; x_wconf 86' lang='lat' dir='ltr'>die</span> <span class='ocrx_word' id='word_1_99' title='bbox 1143 1747 1188 1797; x_wconf 89' lang='lat' dir='ltr'>ac</span> <span class='ocrx_word' id='word_1_100' title='bbox 1204 1725 1336 1822; x_wconf 64' lang='lat' dir='ltr'>nocie,</span> 
     </span>
     <span class='ocr_line' id='line_1_15' title="bbox 276 1821 1340 1920; baseline 0 -21"><span class='ocrx_word' id='word_1_101' title='bbox 276 1841 387 1917; x_wconf 87' lang='lat' dir='ltr'>atque</span> <span class='ocrx_word' id='word_1_102' title='bbox 403 1844 574 1898; x_wconf 85' lang='lat' dir='ltr'>exercere</span> <span class='ocrx_word' id='word_1_103' title='bbox 593 1823 629 1897; x_wconf 87' lang='lat' dir='ltr'>se</span> <span class='ocrx_word' id='word_1_104' title='bbox 643 1824 688 1896; x_wconf 84' lang='lat' dir='ltr'>ad</span> <span class='ocrx_word' id='word_1_105' title='bbox 701 1821 918 1898; x_wconf 66' lang='lat' dir='ltr'>intellectum</span> <span class='ocrx_word' id='word_1_106' title='bbox 935 1821 1123 1918; x_wconf 86' lang='lat' dir='ltr'>spiritalem</span> <span class='ocrx_word' id='word_1_107' title='bbox 1139 1827 1340 1920; x_wconf 83' lang='lat' dir='ltr'>percipien-</span> 
     </span>
     <span class='ocr_line' id='line_1_16' title="bbox 278 1923 1341 2018; baseline 0.001 -19"><span class='ocrx_word' id='word_1_108' title='bbox 278 1929 385 2016; x_wconf 87' lang='lat' dir='ltr'>dum,</span> <span class='ocrx_word' id='word_1_109' title='bbox 407 1924 575 1998; x_wconf 87' lang='lat' dir='ltr'>inveniet</span> <span class='ocrx_word' id='word_1_110' title='bbox 586 1923 623 1996; x_wconf 91' lang='lat' dir='ltr'>in</span> <span class='ocrx_word' id='word_1_111' title='bbox 636 1925 704 1997; x_wconf 86' lang='lat' dir='ltr'>illis</span> <span class='ocrx_word' id='word_1_112' title='bbox 721 1945 851 2017; x_wconf 85' lang='lat' dir='ltr'>panem</span> <span class='ocrx_word' id='word_1_113' title='bbox 868 1924 991 2016; x_wconf 83' lang='lat' dir='ltr'>illurn,</span> <span class='ocrx_word' id='word_1_114' title='bbox 1017 1927 1076 2018; x_wconf 91' lang='lat' dir='ltr'>qui</span> <span class='ocrx_word' id='word_1_115' title='bbox 1097 1924 1141 1997; x_wconf 88' lang='lat' dir='ltr'>de</span> <span class='ocrx_word' id='word_1_116' title='bbox 1159 1927 1251 2001; x_wconf 87' lang='lat' dir='ltr'>coeio</span> <span class='ocrx_word' id='word_1_117' title='bbox 1266 1923 1341 2000; x_wconf 85' lang='lat' dir='ltr'>des·</span> 
     </span>
     <span class='ocr_line' id='line_1_17' title="bbox 279 2020 1378 2122; baseline -0.001 -23"><span class='ocrx_word' id='word_1_118' title='bbox 279 2025 424 2114; x_wconf 80' lang='lat' dir='ltr'>cendit,</span> <span class='ocrx_word' id='word_1_119' title='bbox 453 2020 566 2096; x_wconf 81' lang='lat' dir='ltr'>&amp;fiet</span> <span class='ocrx_word' id='word_1_120' title='bbox 589 2024 621 2095; x_wconf 91' lang='lat' dir='ltr'>ei</span> <span class='ocrx_word' id='word_1_121' title='bbox 640 2021 755 2097; x_wconf 88' lang='lat' dir='ltr'>senno</span> <span class='ocrx_word' id='word_1_122' title='bbox 773 2022 844 2098; x_wconf 91' lang='lat' dir='ltr'>Dei</span> <span class='ocrx_word' id='word_1_123' title='bbox 861 2024 1042 2098; x_wconf 85' lang='lat' dir='ltr'>abundans</span> <span class='ocrx_word' id='word_1_124' title='bbox 1057 2027 1179 2119; x_wconf 84' lang='lat' dir='ltr'>cibus,</span> <span class='ocrx_word' id='word_1_125' title='bbox 1206 2027 1341 2120; x_wconf 81' lang='lat' dir='ltr'>&amp;pro-</span> <span class='ocrx_word' id='word_1_126' title='bbox 1376 2115 1378 2122; x_wconf 23' lang='grc' dir='ltr'>Ι</span> 
     </span>
     <span class='ocr_line' id='line_1_18' title="bbox 277 2121 1340 2218; baseline 0.002 -19"><span class='ocrx_word' id='word_1_127' title='bbox 277 2126 396 2200; x_wconf 77' lang='lat' dir='ltr'>fluens</span> <span class='ocrx_word' id='word_1_128' title='bbox 411 2139 540 2218; x_wconf 87' lang='lat' dir='ltr'>potus:</span> <span class='ocrx_word' id='word_1_129' title='bbox 568 2123 694 2196; x_wconf 87' lang='lat' dir='ltr'>&amp;non</span> <span class='ocrx_word' id='word_1_130' title='bbox 711 2121 825 2198; x_wconf 87' lang='lat' dir='ltr'>solum</span> <span class='ocrx_word' id='word_1_131' title='bbox 840 2125 942 2198; x_wconf 71' lang='lat' dir='ltr'>cibus</span> <span class='ocrx_word' id='word_1_132' title='bbox 959 2124 994 2197; x_wconf 83' lang='lat' dir='ltr'>dc</span> <span class='ocrx_word' id='word_1_133' title='bbox 1012 2140 1143 2218; x_wconf 84' lang='lat' dir='ltr'>potue,</span> <span class='ocrx_word' id='word_1_134' title='bbox 1167 2146 1296 2201; x_wconf 85' lang='lat' dir='ltr'>verum</span> <span class='ocrx_word' id='word_1_135' title='bbox 1314 2125 1340 2201; x_wconf 81' lang='lat' dir='ltr'>u</span> 
     </span>
     <span class='ocr_line' id='line_1_19' title="bbox 278 2221 1341 2321; baseline 0.004 -26"><span class='ocrx_word' id='word_1_136' title='bbox 278 2222 520 2319; x_wconf 84' lang='lat' dir='ltr'>profundiora</span> <span class='ocrx_word' id='word_1_137' title='bbox 542 2225 757 2298; x_wconf 85' lang='lat' dir='ltr'>sacramenta</span> <span class='ocrx_word' id='word_1_138' title='bbox 773 2221 929 2315; x_wconf 76' lang='lat' dir='ltr'>mystice</span> <span class='ocrx_word' id='word_1_139' title='bbox 948 2224 1192 2321; x_wconf 77' lang='lat' dir='ltr'>intelligentie</span> <span class='ocrx_word' id='word_1_140' title='bbox 1209 2240 1341 2320; x_wconf 84' lang='lat' dir='ltr'>potue·</span> 
     </span>
     <span class='ocr_line' id='line_1_20' title="bbox 277 2321 1366 2417; baseline 0.001 -18"><span class='ocrx_word' id='word_1_141' title='bbox 277 2325 331 2400; x_wconf 88' lang='lat' dir='ltr'>rit</span> <span class='ocrx_word' id='word_1_142' title='bbox 346 2321 580 2417; x_wconf 80' lang='lat' dir='ltr'>perscrutari,</span> <span class='ocrx_word' id='word_1_143' title='bbox 607 2335 715 2400; x_wconf 83' lang='lat' dir='ltr'>erunt</span> <span class='ocrx_word' id='word_1_144' title='bbox 727 2324 760 2396; x_wconf 92' lang='lat' dir='ltr'>ei</span> <span class='ocrx_word' id='word_1_145' title='bbox 772 2322 951 2399; x_wconf 80' lang='lat' dir='ltr'>sermones</span> <span class='ocrx_word' id='word_1_146' title='bbox 962 2324 1034 2398; x_wconf 91' lang='lat' dir='ltr'>Dei</span> <span class='ocrx_word' id='word_1_147' title='bbox 1045 2324 1190 2398; x_wconf 84' lang='lat' dir='ltr'>deliciae.</span> <span class='ocrx_word' id='word_1_148' title='bbox 1218 2323 1366 2400; x_wconf 88' lang='lat' dir='ltr'>Potest·</span> 
     </span>
     <span class='ocr_line' id='line_1_21' title="bbox 280 2420 1343 2521; baseline -0.001 -22"><span class='ocrx_word' id='word_1_149' title='bbox 280 2425 391 2499; x_wconf 84' lang='lat' dir='ltr'>etiarn</span> <span class='ocrx_word' id='word_1_150' title='bbox 412 2425 482 2495; x_wconf 90' lang='lat' dir='ltr'>aiio</span> <span class='ocrx_word' id='word_1_151' title='bbox 496 2420 609 2496; x_wconf 87' lang='lat' dir='ltr'>modo</span> <span class='ocrx_word' id='word_1_152' title='bbox 625 2422 748 2511; x_wconf 80' lang='lat' dir='ltr'>inhoc</span> <span class='ocrx_word' id='word_1_153' title='bbox 768 2423 857 2496; x_wconf 90' lang='lat' dir='ltr'>loco</span> <span class='ocrx_word' id='word_1_154' title='bbox 870 2424 1088 2516; x_wconf 84' lang='lat' dir='ltr'>profundior</span> <span class='ocrx_word' id='word_1_155' title='bbox 1101 2424 1215 2501; x_wconf 88' lang='lat' dir='ltr'>sensus</span> <span class='ocrx_word' id='word_1_156' title='bbox 1229 2426 1343 2521; x_wconf 55' lang='lat' dir='ltr'>aperie·</span> 
     </span>
     <span class='ocr_line' id='line_1_22' title="bbox 279 2521 1344 2622; baseline 0.001 -25"><span class='ocrx_word' id='word_1_157' title='bbox 279 2527 324 2597; x_wconf 82' lang='lat' dir='ltr'>ri.</span> <span class='ocrx_word' id='word_1_158' title='bbox 348 2521 579 2598; x_wconf 75' lang='lat' dir='ltr'>Dominus&amp;</span> <span class='ocrx_word' id='word_1_159' title='bbox 596 2521 765 2594; x_wconf 81' lang='lat' dir='ltr'>Salvator</span> <span class='ocrx_word' id='word_1_160' title='bbox 782 2522 849 2594; x_wconf 86' lang='lat' dir='ltr'>ait:</span> <span class='ocrx_word' id='word_1_161' title='bbox 881 2527 997 2595; x_wconf 78' lang='lat' dir='ltr'>Veniet</span> <span class='ocrx_word' id='word_1_162' title='bbox 1013 2548 1097 2603; x_wconf 78' lang='lat' dir='ltr'>nox,</span> <span class='ocrx_word' id='word_1_163' title='bbox 1117 2528 1239 2622; x_wconf 67' lang='lat' dir='ltr'>quoinde</span> <span class='ocrx_word' id='word_1_164' title='bbox 1253 2549 1344 2598; x_wconf 74' lang='lat' dir='ltr'>nm</span> 
     </span>
     <span class='ocr_line' id='line_1_23' title="bbox 277 2620 1345 2725; baseline 0.002 -29"><span class='ocrx_word' id='word_1_165' title='bbox 277 2623 523 2725; x_wconf 64' lang='lat' dir='ltr'>peresi-operari.</span> <span class='ocrx_word' id='word_1_166' title='bbox 553 2620 603 2694; x_wconf 89' lang='lat' dir='ltr'>Et</span> <span class='ocrx_word' id='word_1_167' title='bbox 622 2622 695 2696; x_wconf 91' lang='lat' dir='ltr'>hoc</span> <span class='ocrx_word' id='word_1_168' title='bbox 709 2620 797 2694; x_wconf 87' lang='lat' dir='ltr'>dicit</span> <span class='ocrx_word' id='word_1_169' title='bbox 815 2623 860 2696; x_wconf 91' lang='lat' dir='ltr'>de</span> <span class='ocrx_word' id='word_1_170' title='bbox 876 2622 941 2696; x_wconf 83' lang='lat' dir='ltr'>illo</span> <span class='ocrx_word' id='word_1_171' title='bbox 960 2629 1147 2715; x_wconf 76' lang='lat' dir='ltr'>tempore,</span> <span class='ocrx_word' id='word_1_172' title='bbox 1162 2624 1261 2715; x_wconf 90' lang='lat' dir='ltr'>quod</span> <span class='ocrx_word' id='word_1_173' title='bbox 1271 2624 1345 2720; x_wconf 81' lang='lat' dir='ltr'>erit</span> 
     </span>
     <span class='ocr_line' id='line_1_24' title="bbox 281 2720 1345 2822; baseline 0 -26"><span class='ocrx_word' id='word_1_174' title='bbox 281 2721 367 2822; x_wconf 83' lang='lat' dir='ltr'>post</span> <span class='ocrx_word' id='word_1_175' title='bbox 380 2720 565 2814; x_wconf 77' lang='lat' dir='ltr'>seculum,</span> <span class='ocrx_word' id='word_1_176' title='bbox 590 2734 778 2815; x_wconf 74' lang='lat' dir='ltr'>ternpore,</span> <span class='ocrx_word' id='word_1_177' title='bbox 799 2741 874 2814; x_wconf 91' lang='lat' dir='ltr'>quo</span> <span class='ocrx_word' id='word_1_178' title='bbox 894 2722 1138 2814; x_wconf 84' lang='lat' dir='ltr'>unusquisque</span> <span class='ocrx_word' id='word_1_179' title='bbox 1154 2725 1345 2818; x_wconf 79' lang='lat' dir='ltr'>pronialir</span> 
     </span>
     <span class='ocr_line' id='line_1_25' title="bbox 281 2816 1346 2919; baseline 0.002 -21"><span class='ocrx_word' id='word_1_180' title='bbox 281 2821 354 2898; x_wconf 86' lang='lat' dir='ltr'>suis</span> <span class='ocrx_word' id='word_1_181' title='bbox 372 2821 525 2915; x_wconf 82' lang='lat' dir='ltr'>recipiet</span> <span class='ocrx_word' id='word_1_182' title='bbox 540 2841 684 2914; x_wconf 69' lang='lat' dir='ltr'>penas„</span> <span class='ocrx_word' id='word_1_183' title='bbox 731 2816 839 2895; x_wconf 88' lang='lat' dir='ltr'>Tunc</span> <span class='ocrx_word' id='word_1_184' title='bbox 861 2842 947 2919; x_wconf 83' lang='lat' dir='ltr'>ergo</span> <span class='ocrx_word' id='word_1_185' title='bbox 974 2822 1061 2896; x_wconf 90' lang='lat' dir='ltr'>dicit</span> <span class='ocrx_word' id='word_1_186' title='bbox 1082 2821 1227 2900; x_wconf 69' lang='lat' dir='ltr'>nodeem</span> <span class='ocrx_word' id='word_1_187' title='bbox 1249 2825 1346 2900; x_wconf 86' lang='lat' dir='ltr'>illam</span> 
     </span>
     <span class='ocr_line' id='line_1_26' title="bbox 285 2919 1348 3019; baseline 0 -23"><span class='ocrx_word' id='word_1_188' title='bbox 285 2925 464 3013; x_wconf 73' lang='lat' dir='ltr'>futuram,</span> <span class='ocrx_word' id='word_1_189' title='bbox 490 2940 597 3002; x_wconf 85' lang='lat' dir='ltr'>ouum</span> <span class='ocrx_word' id='word_1_190' title='bbox 606 2919 679 3013; x_wconf 80' lang='lat' dir='ltr'>jam</span> <span class='ocrx_word' id='word_1_191' title='bbox 698 2941 807 2996; x_wconf 86' lang='lat' dir='ltr'>nemo</span> <span class='ocrx_word' id='word_1_192' title='bbox 822 2921 943 3014; x_wconf 83' lang='lat' dir='ltr'>potest</span> <span class='ocrx_word' id='word_1_193' title='bbox 956 2924 1099 3017; x_wconf 86' lang='lat' dir='ltr'>operari</span> <span class='ocrx_word' id='word_1_194' title='bbox 1114 2921 1348 3019; x_wconf 70' lang='lat' dir='ltr'>aliquidied</span> 
     </span>
     <span class='ocr_line' id='line_1_27' title="bbox 285 3021 1348 3118; baseline 0.002 -22"><span class='ocrx_word' id='word_1_195' title='bbox 285 3022 533 3113; x_wconf 75' lang='lat' dir='ltr'>unusquisque</span> <span class='ocrx_word' id='word_1_196' title='bbox 551 3034 640 3093; x_wconf 91' lang='lat' dir='ltr'>tunc</span> <span class='ocrx_word' id='word_1_197' title='bbox 658 3021 812 3112; x_wconf 89' lang='lat' dir='ltr'>pascitur</span> <span class='ocrx_word' id='word_1_198' title='bbox 827 3043 873 3096; x_wconf 85' lang='lat' dir='ltr'>ex</span> <span class='ocrx_word' id='word_1_199' title='bbox 890 3024 1060 3118; x_wconf 85' lang='lat' dir='ltr'>operibus</span> <span class='ocrx_word' id='word_1_200' title='bbox 1074 3021 1163 3116; x_wconf 88' lang='lat' dir='ltr'>suis,</span> <span class='ocrx_word' id='word_1_201' title='bbox 1177 3045 1266 3116; x_wconf 74' lang='lat' dir='ltr'>oue</span> <span class='ocrx_word' id='word_1_202' title='bbox 1285 3023 1348 3098; x_wconf 84' lang='lat' dir='ltr'>hic</span> 
     </span>
     <span class='ocr_line' id='line_1_28' title="bbox 286 3118 1347 3220; baseline 0 -24"><span class='ocrx_word' id='word_1_203' title='bbox 286 3121 425 3220; x_wconf 82' lang='lat' dir='ltr'>positus</span> <span class='ocrx_word' id='word_1_204' title='bbox 443 3134 615 3213; x_wconf 85' lang='lat' dir='ltr'>operatus</span> <span class='ocrx_word' id='word_1_205' title='bbox 631 3118 693 3195; x_wconf 90' lang='lat' dir='ltr'>est.</span> <span class='ocrx_word' id='word_1_206' title='bbox 745 3123 867 3220; x_wconf 87' lang='lat' dir='ltr'>Quum</span> <span class='ocrx_word' id='word_1_207' title='bbox 881 3141 970 3220; x_wconf 86' lang='lat' dir='ltr'>ergo</span> <span class='ocrx_word' id='word_1_208' title='bbox 987 3144 1064 3197; x_wconf 84' lang='lat' dir='ltr'>nox</span> <span class='ocrx_word' id='word_1_209' title='bbox 1080 3121 1211 3216; x_wconf 87' lang='lat' dir='ltr'>fuerit,</span> <span class='ocrx_word' id='word_1_210' title='bbox 1236 3141 1347 3208; x_wconf 84' lang='lat' dir='ltr'>nemo</span> 
     </span>
     <span class='ocr_line' id='line_1_29' title="bbox 288 3220 1349 3317; baseline -0.001 -21"><span class='ocrx_word' id='word_1_211' title='bbox 288 3232 463 3316; x_wconf 91' lang='lat' dir='ltr'>operatur</span> <span class='ocrx_word' id='word_1_212' title='bbox 485 3221 522 3295; x_wconf 90' lang='lat' dir='ltr'>in</span> <span class='ocrx_word' id='word_1_213' title='bbox 541 3220 607 3292; x_wconf 88' lang='lat' dir='ltr'>ilio</span> <span class='ocrx_word' id='word_1_214' title='bbox 628 3221 822 3313; x_wconf 85' lang='lat' dir='ltr'>tempore:</span> <span class='ocrx_word' id='word_1_215' title='bbox 857 3240 966 3311; x_wconf 85' lang='lat' dir='ltr'>quum</span> <span class='ocrx_word' id='word_1_216' title='bbox 987 3236 1199 3316; x_wconf 84' lang='lat' dir='ltr'>peccatores</span> <span class='ocrx_word' id='word_1_217' title='bbox 1220 3220 1349 3317; x_wconf 86' lang='lat' dir='ltr'>suppli·</span> 
     </span>
     <span class='ocr_line' id='line_1_30' title="bbox 289 3319 1349 3418; baseline 0.001 -24"><span class='ocrx_word' id='word_1_218' title='bbox 289 3325 355 3394; x_wconf 88' lang='lat' dir='ltr'>ciis</span> <span class='ocrx_word' id='word_1_219' title='bbox 374 3319 594 3415; x_wconf 84' lang='lat' dir='ltr'>affligentur,</span> <span class='ocrx_word' id='word_1_220' title='bbox 620 3320 690 3393; x_wconf 85' lang='lat' dir='ltr'>erit</span> <span class='ocrx_word' id='word_1_221' title='bbox 705 3319 778 3394; x_wconf 89' lang='lat' dir='ltr'>fine</span> <span class='ocrx_word' id='word_1_222' title='bbox 793 3320 904 3395; x_wconf 89' lang='lat' dir='ltr'>dubio</span> <span class='ocrx_word' id='word_1_223' title='bbox 916 3321 1025 3397; x_wconf 84' lang='lat' dir='ltr'>fames</span> <span class='ocrx_word' id='word_1_224' title='bbox 1043 3323 1124 3417; x_wconf 85' lang='lat' dir='ltr'>his,</span> <span class='ocrx_word' id='word_1_225' title='bbox 1149 3324 1211 3418; x_wconf 91' lang='lat' dir='ltr'>qui</span> <span class='ocrx_word' id='word_1_226' title='bbox 1228 3325 1349 3398; x_wconf 76' lang='lat' dir='ltr'>nullos</span> 
     </span>
     <span class='ocr_line' id='line_1_31' title="bbox 290 3417 1350 3516; baseline -0.004 -18"><span class='ocrx_word' id='word_1_227' title='bbox 290 3418 428 3498; x_wconf 73' lang='lat' dir='ltr'>nudus</span> <span class='ocrx_word' id='word_1_228' title='bbox 443 3421 532 3496; x_wconf 87' lang='lat' dir='ltr'>boni</span> <span class='ocrx_word' id='word_1_229' title='bbox 545 3419 666 3512; x_wconf 78' lang='lat' dir='ltr'>operis</span> <span class='ocrx_word' id='word_1_230' title='bbox 684 3421 921 3516; x_wconf 85' lang='lat' dir='ltr'>collegerunt.</span> <span class='ocrx_word' id='word_1_231' title='bbox 971 3417 1013 3496; x_wconf 94' lang='lat' dir='ltr'>In</span> <span class='ocrx_word' id='word_1_232' title='bbox 1030 3422 1094 3497; x_wconf 90' lang='lat' dir='ltr'>illo</span> <span class='ocrx_word' id='word_1_233' title='bbox 1117 3437 1236 3499; x_wconf 84' lang='lat' dir='ltr'>autem</span> <span class='ocrx_word' id='word_1_234' title='bbox 1247 3423 1350 3497; x_wconf 82' lang='lat' dir='ltr'>famis</span> 
     </span>
     <span class='ocr_line' id='line_1_32' title="bbox 290 3513 1353 3616; baseline -0.003 -22"><span class='ocrx_word' id='word_1_235' title='bbox 290 3519 482 3614; x_wconf 86' lang='lat' dir='ltr'>tempore,</span> <span class='ocrx_word' id='word_1_236' title='bbox 507 3517 756 3616; x_wconf 86' lang='lat' dir='ltr'>saturabuntur</span> <span class='ocrx_word' id='word_1_237' title='bbox 766 3519 871 3614; x_wconf 73' lang='lat' dir='ltr'>iusti,</span> <span class='ocrx_word' id='word_1_238' title='bbox 898 3543 945 3596; x_wconf 83' lang='lat' dir='ltr'>ex</span> <span class='ocrx_word' id='word_1_239' title='bbox 961 3513 1132 3596; x_wconf 63' lang='lat' dir='ltr'>fruffibus</span> <span class='ocrx_word' id='word_1_240' title='bbox 1149 3520 1284 3596; x_wconf 87' lang='lat' dir='ltr'>scilicet</span> <span class='ocrx_word' id='word_1_241' title='bbox 1295 3525 1353 3615; x_wconf 89' lang='lat' dir='ltr'>ju·</span> 
     </span>
     <span class='ocr_line' id='line_1_33' title="bbox 291 3616 1354 3700; baseline -0.002 -5"><span class='ocrx_word' id='word_1_242' title='bbox 291 3619 395 3696; x_wconf 83' lang='lat' dir='ltr'>stiriae</span> <span class='ocrx_word' id='word_1_243' title='bbox 421 3616 500 3693; x_wconf 83' lang='lat' dir='ltr'>suoe.</span> <span class='ocrx_word' id='word_1_244' title='bbox 559 3616 662 3690; x_wconf 84' lang='lat' dir='ltr'>Sicut</span> <span class='ocrx_word' id='word_1_245' title='bbox 685 3620 780 3694; x_wconf 84' lang='lat' dir='ltr'>enirn</span> <span class='ocrx_word' id='word_1_246' title='bbox 804 3621 842 3694; x_wconf 89' lang='lat' dir='ltr'>in</span> <span class='ocrx_word' id='word_1_247' title='bbox 868 3619 1010 3696; x_wconf 87' lang='lat' dir='ltr'>deserto</span> <span class='ocrx_word' id='word_1_248' title='bbox 1040 3621 1100 3700; x_wconf 82' lang='lat' dir='ltr'>sex</span> <span class='ocrx_word' id='word_1_249' title='bbox 1126 3623 1249 3696; x_wconf 81' lang='lat' dir='ltr'>diebus</span> <span class='ocrx_word' id='word_1_250' title='bbox 1277 3623 1354 3695; x_wconf 88' lang='lat' dir='ltr'>col·</span> 
     </span>
     <span class='ocr_line' id='line_1_34' title="bbox 293 3717 1356 3816; baseline -0.002 -22"><span class='ocrx_word' id='word_1_251' title='bbox 293 3721 455 3816; x_wconf 80' lang='lat' dir='ltr'>ligebant</span> <span class='ocrx_word' id='word_1_252' title='bbox 478 3737 627 3810; x_wconf 74' lang='lat' dir='ltr'>manna,</span> <span class='ocrx_word' id='word_1_253' title='bbox 655 3720 693 3791; x_wconf 92' lang='lat' dir='ltr'>in</span> <span class='ocrx_word' id='word_1_254' title='bbox 707 3720 805 3794; x_wconf 87' lang='lat' dir='ltr'>sexta</span> <span class='ocrx_word' id='word_1_255' title='bbox 832 3734 950 3796; x_wconf 86' lang='lat' dir='ltr'>autern</span> <span class='ocrx_word' id='word_1_256' title='bbox 975 3720 1033 3795; x_wconf 89' lang='lat' dir='ltr'>die</span> <span class='ocrx_word' id='word_1_257' title='bbox 1058 3744 1132 3794; x_wconf 94' lang='lat' dir='ltr'>non</span> <span class='ocrx_word' id='word_1_258' title='bbox 1160 3725 1263 3797; x_wconf 87' lang='lat' dir='ltr'>unius</span> <span class='ocrx_word' id='word_1_259' title='bbox 1282 3717 1356 3794; x_wconf 91' lang='lat' dir='ltr'>diei</span> 
     </span>
     <span class='ocr_line' id='line_1_35' title="bbox 294 3815 1356 3910; baseline -0.004 -14"><span class='ocrx_word' id='word_1_260' title='bbox 294 3819 466 3910; x_wconf 84' lang='lat' dir='ltr'>modum,</span> <span class='ocrx_word' id='word_1_261' title='bbox 492 3815 552 3892; x_wconf 89' lang='lat' dir='ltr'>sed</span> <span class='ocrx_word' id='word_1_262' title='bbox 577 3831 748 3910; x_wconf 86' lang='lat' dir='ltr'>quantum</span> <span class='ocrx_word' id='word_1_263' title='bbox 774 3816 949 3895; x_wconf 86' lang='lat' dir='ltr'>sufficeret</span> <span class='ocrx_word' id='word_1_264' title='bbox 971 3820 1008 3893; x_wconf 92' lang='lat' dir='ltr'>in</span> <span class='ocrx_word' id='word_1_265' title='bbox 1033 3822 1221 3895; x_wconf 87' lang='lat' dir='ltr'>crastinum</span> <span class='ocrx_word' id='word_1_266' title='bbox 1253 3819 1356 3893; x_wconf 90' lang='lat' dir='ltr'>colli·</span> 
     </span>
     <span class='ocr_line' id='line_1_36' title="bbox 297 3915 1359 4016; baseline 0 -25"><span class='ocrx_word' id='word_1_267' title='bbox 297 3921 452 4016; x_wconf 71' lang='lat' dir='ltr'>gebenn,</span> <span class='ocrx_word' id='word_1_268' title='bbox 479 3915 779 4012; x_wconf 81' lang='lat' dir='ltr'>&amp;unusquisque</span> <span class='ocrx_word' id='word_1_269' title='bbox 803 3919 933 3994; x_wconf 87' lang='lat' dir='ltr'>edebat</span> <span class='ocrx_word' id='word_1_270' title='bbox 956 3924 993 3994; x_wconf 90' lang='lat' dir='ltr'>in</span> <span class='ocrx_word' id='word_1_271' title='bbox 1017 3921 1073 3994; x_wconf 91' lang='lat' dir='ltr'>die</span> <span class='ocrx_word' id='word_1_272' title='bbox 1097 3920 1254 4013; x_wconf 60' lang='lat' dir='ltr'>sabbati„</span> <span class='ocrx_word' id='word_1_273' title='bbox 1270 3939 1359 4010; x_wconf 73' lang='lat' dir='ltr'>oue</span> 
     </span>
     <span class='ocr_line' id='line_1_37' title="bbox 298 4014 1389 4122; baseline -0.007 -24"><span class='ocrx_word' id='word_1_274' title='bbox 298 4021 493 4122; x_wconf 82' lang='lat' dir='ltr'>collegerat</span> <span class='ocrx_word' id='word_1_275' title='bbox 515 4014 556 4094; x_wconf 86' lang='lat' dir='ltr'>iu</span> <span class='ocrx_word' id='word_1_276' title='bbox 578 4016 647 4118; x_wconf 57' lang='lat' dir='ltr'>die⁵</span> <span class='ocrx_word' id='word_1_277' title='bbox 664 4018 780 4122; x_wconf 67' lang='lat' dir='ltr'>scuta:</span> <span class='ocrx_word' id='word_1_278' title='bbox 803 4018 857 4098; x_wconf 83' lang='lat' dir='ltr'>ita</span> <span class='ocrx_word' id='word_1_279' title='bbox 884 4020 994 4102; x_wconf 84' lang='lat' dir='ltr'>etiam</span> <span class='ocrx_word' id='word_1_280' title='bbox 1017 4043 1122 4104; x_wconf 86' lang='lat' dir='ltr'>nunc</span> <span class='ocrx_word' id='word_1_281' title='bbox 1136 4023 1258 4118; x_wconf 72' lang='lat' dir='ltr'>ueiur</span> <span class='ocrx_word' id='word_1_282' title='bbox 1273 4017 1389 4108; x_wconf 67' lang='lat' dir='ltr'>iem</span> 
     </span>
    </p>
   </div>
   <div class='ocr_carea' id='block_1_3' title="bbox 827 4123 1353 4231">
    <p class='ocr_par' dir='ltr' id='par_1_3' title="bbox 827 4123 1353 4231">
     <span class='ocr_line' id='line_1_38' title="bbox 827 4123 1353 4231; baseline -0.004 -27"><span class='ocrx_word' id='word_1_283' title='bbox 827 4123 910 4231; x_wconf 84' lang='lat' dir='ltr'>C5</span> <span class='ocrx_word' id='word_1_284' title='bbox 1263 4140 1353 4218; x_wconf 52' lang='lat' dir='ltr'>nu&amp;</span> 
     </span>
    </p>
   </div>
   <div class='ocr_carea' id='block_1_4' title="bbox 0 0 1652 4609">
    <p class='ocr_par' dir='ltr' id='par_1_4' title="bbox 0 0 1652 4609">
     <span class='ocr_line' id='line_1_39' title="bbox 0 0 1652 4609; baseline 0 0"><span class='ocrx_word' id='word_1_285' title='bbox 0 0 1652 4609; x_wconf 95' lang='lat' dir='ltr'> </span> 
     </span>
    </p>
   </div>
  </div>
 </body>
</html>
