3242 4609
261 209 325 282 tht‘s
390 209 394 214 ¹
523 215 545 238 '⁴
903 209 993 290 ,Ὗ
1067 232 1071 241 ·

441 337 1157 478 structaru'rsnttros.3
1249 413 1322 491 ur

343 501 463 678 issima
474 563 662 658 nostraficul
674 555 773 656 paffir
786 575 892 654 erepla
907 558 947 655 ess
958 559 993 629 de
1002 539 1109 674 laqueo
1123 561 1324 673 ementium,
1394 523 1404 588 *¹

265 661 348 755 era]
371 661 430 735 De
448 664 578 761 laqueo
595 673 810 735 venatorum
831 658 1031 744 daemonum
1046 672 1162 750 erepti
1183 654 1322 753 sumus,
1358 712 1360 715 -

270 785 353 835 curn
371 761 527 836 Christus
547 763 728 833 diabolum
747 759 984 850 contriverit,
1008 758 1195 849 &dederit
1211 760 1324 831 virtu·
1351 817 1353 826 .
1432 836 1434 842 .

267 875 364 953 tem,
391 862 590 963 ambulandi
613 863 714 953 super
739 853 946 950 serpentes,
974 857 1007 928 δι
1034 854 1263 951 scorpiones,
1291 858 1326 929 δι
1359 867 1361 871 ‘

268 960 373 1053 super
393 981 535 1034 omnem
552 962 723 1034 virtutem
738 958 889 1049 inimici,
917 977 994 1049 quae
1012 972 1140 1029 contra
1156 955 1252 1029 solos
1272 955 1325 1034 so·
1438 962 1441 967 ’

268 1061 399 1133 cordes
422 1062 618 1153 prevalet:
650 1035 789 1153 spiritus
810 1058 908 1130 ”enirn
929 1057 1076 1153 gratiam
1097 1058 1324 1156 accepimus,

270 1158 474 1262 Christique
486 1160 652 1256 sanguine
668 1180 709 1232 ac
726 1178 882 1251 corpore
899 1158 1086 1232 nutrimur.

347 1259 526 1358 Ejusdem]
561 1262 728 1333 Virtutes
746 1253 952 1344 adversaria
976 1269 1153 1330 venantur
1176 1255 1326 1327 animam

263 1356 372 1453 justi,
401 1379 549 1451 quarum
561 1360 678 1450 laquei
693 1357 773 1431 suut
789 1357 846 1449 hi,
875 1376 966 1447 quos
987 1356 1171 1435 obsident,
1193 1356 1327 1456 ‘quique

267 1453 476 1555 instigant&
488 1473 698 1549 provocant
712 1478 779 1530 nos
790 1456 833 1528 ad
849 1457 1088 1551 peccandum3
1110 1457 1196 1527 item
1211 1455 1326 1525 omnis
1353 1489 1355 1496 ·

269 1562 439 1647 materia,
467 1578 544 1648 qvae
564 1559 607 1630 ad
625 1555 847 1651 peccandum
869 1556 988 1630 allicit.
1040 1554 1129 1628 Non
1153 1554 1249 1626 cadit
1269 1575 1328 1624 au·

269 1668 345 1729 tem
364 1654 576 1749 passerculus
599 1659 637 1731 iu
661 1659 827 1749 laqueum
847 1656 918 1732 line
936 1654 1058 1751 patre,
1093 1656 1153 1746 qui
1171 1658 1208 1727 in
1231 1654 1327 1727 coelis
1433 1675 1436 1690 ‘

269 1754 332 1829 est.

349 1858 497 1949 Laqueus
524 1857 682 1927 contritus
706 1856 770 1953 eft,
804 1853 844 1931 ss
867 1880 923 1925 nos
945 1842 1080 1927 liberati
1089 1854 1212 1943 firmi,
1240 1853 1327 1948 ssu]
1413 1937 1417 1953 Ι

268 1952 389 2026 Vetus
407 1954 676 2032 Testamentum
696 1958 870 2048 laqueos,
897 1957 955 2047 qui
973 1956 1015 2028 ad
1031 1977 1122 2048 opus
1146 1953 1326 2047 speciant,

270 2055 434 2125 conterit
452 2055 518 2126 hac
540 2056 634 2149 lege:
661 2059 739 2127 Non
765 2056 981 2138 mechaberi13
1007 2076 1146 2129 novum
1167 2061 1260 2126 'vero
1282 2058 1328 2126 la-

266 2173 419 2246 queos,
452 2154 495 2226 ad
519 2165 676 2227 mentem
698 2152 925 2245 spasiantes,
959 2156 1118 2232 conterit
1138 2152 1221 2225 ista:
1245 2159 1331 2225 'Non

270 2254 471 2348 concupisces.
527 2253 786 2325 Verumtamen
814 2256 850 2326 iu
875 2252 1087 2327 Abimelech
1111 2261 1195 2347 reg'e
1220 2253 1330 2326 Gera-

256 2368 350 2426 'rum
361 2354 549 2445 laqueum,
577 2352 621 2423 ad
633 2373 723 2444 opus
735 2352 971 2449 speslantem,
996 2354 1196 2443 contrivit,
1223 2373 1332 2442 quan-

271 2451 321 2523 do
337 2455 413 2524 non
433 2450 609 2545 permisit,
636 2450 746 2543 ipsum
764 2453 912 2525 alienam
931 2473 1080 2526 uxorem
1102 2466 1246 2546 tangere
1255 2471 1270 2541 ;v
1295 2454 1333 2527 in

269 2550 509 2644 Josephvero
524 2552 708 2641 laqueum,
737 2553 796 2641 qui
812 2552 855 2623 ad
869 2566 1024 2623 mentem
1044 2552 1243 2644 spetlabat,
1267 2552 1331 2625 dis-

270 2653 381 2743 rupit.
431 2649 521 2723 Non
540 2652 634 2724 enim
651 2671 671 2722 a
690 2650 864 2743 scriptura
881 2651 1056 2743 refertur,
1083 2655 1230 2726 alienam
1246 2673 1333 2724 con·

274 2748 446 2850 cupivisse
480 2771 642 2826 uxorem.
701 2750 760 2825 Ac
793 2752 917 2824 beatus
953 2750 1092 2844 quidem
1127 2750 1198 2846 est,
1232 2755 1332 2843 cujus
1407 2799 1409 2804 -

271 2846 487 2939 speSlantem
521 2850 563 2921 ad
600 2872 694 2944 opus
720 2852 891 2941 laqueum
922 2850 1101 2923 Dominus
1129 2854 1334 2947 contrivit,

273 2947 419 3020 beatior
439 2969 556 3037 vero,
592 2954 692 3045 cujus
710 2947 922 3043 spectantem
939 2950 981 3021 ad
1004 2952 1259 3045 cogitationem
1285 2954 1334 3023 la·

276 3066 407 3136 quemn
424 3046 476 3122 ita
486 3044 658 3148 disrupit,
683 3066 726 3125 ut
743 3069 824 3159 uon
843 3049 1015 3124 inventus
1034 3050 1075 3125 fit
1088 3051 1193 3158 dolus
1209 3051 1246 3123 in
1267 3070 1334 3126 ore

300 3145 308 3159 Ι
597 3153 599 3160 ι

273 3166 364 3237 ejus.

273 3352 1328 3383 *mmm-m

409 3461 411 3466 ’
497 3482 870 3598 Psatuus
923 3483 1112 3587 curru.

277 3647 404 3818 Qui
429 3648 591 3737 confidunt
618 3654 654 3718 in
682 3651 844 3733 Domino,
868 3648 952 3743 ficut
986 3657 1073 3730 mom
1100 3653 1211 3726 Sion,
1243 3647 1334 3738 ssa]
1432 3645 1437 3696 ²

396 3746 468 3844 Qui
490 3748 667 3832 accedunt
689 3745 733 3818 'ad
759 3746 847 3819 Sion
871 3760 1058 3835 montem,
1090 3748 1123 3820 δι
1150 3748 1335 3822 civitatem
1402 3805 1405 3810 -

275 3842 347 3921 Dei
359 3845 538 3938 viventis,
555 3844 745 3941 Jerusalem
762 3846 955 3937 calestem,
977 3848 1000 3919 ii
1016 3846 1137 3921 ferunt
1149 3849 1336 3941 imaginem

277 3942 446 4035 coelestis,
473 3939 755 4021 &confidentes
774 3946 812 4019 in
831 3946 993 4020 Domino
1013 3944 1126 4042 fiunt,
1162 3948 1251 4021 sicut
1276 3947 1337 4020 ille
1407 3995 1410 4002 ·

279 4062 384 4126 mons
407 4041 508 4132 Sion.
643 4109 650 4134 ,f
730 4106 735 4113 .
793 4121 795 4124 ,
1421 4039 1435 4091 ’·

533 4153 537 4166 ’
720 4140 784 4227 ff
809 4135 838 4247 δ’
1060 4237 1065 4243 Ι
1122 4219 1128 4232 .
1168 4243 1170 4250 Ι
1203 4138 1325 4235 Etut-
