3242 4609
414 321 417 328 ·
452 303 758 405 ‚sacrent
784 307 850 384 ru
873 307 1171 402 usnemun
1275 270 1359 417 n'9'

292 469 490 562 &quanto
516 471 740 562 frequentius
767 473 930 544 exoritur
954 473 988 546 dt
1011 476 1210 570 illuminat,
1243 488 1351 556 tantu

290 572 463 662 majorem
488 571 549 665 fibi
577 572 699 643 talium
725 569 862 644 dierum
896 591 1084 648 numerum
1111 578 1350 669 computabit

291 666 411 766 Digne
429 690 515 767 ergo
535 669 698 743 conscius
715 670 776 743 fibi
788 673 968 764 propheta
982 674 1026 745 de
1043 675 1292 768 huiuscemodi
1309 679 1351 749 il·

289 772 528 857 luminatione
542 770 649 844 dicit:
675 773 799 842 Notum
807 770 866 863 fac
878 774 960 840 mihi
979 777 1113 844 Domine
1119 778 1221 867 finem
1235 800 1348 863 meum,

289 870 517 1044 &hpumerum
533 874 652 940 dierum
668 895 801 942 meorum
817 876 888 969 quis
905 872 966 970 esi,
994 890 1032 943 ut
1043 875 1158 964 sciam,
1184 880 1258 976 quid
1275 875 1349 971 defit

287 995 328 1041 mi
371 1023 380 1042 .
1308 1012 1311 1028 ι

362 1091 398 1165 9.
426 1066 475 1141 Et
492 1069 607 1146 addit:
636 1069 711 1141 Ecc'e
727 1090 848 1141 veteres
856 1058 985 1165 posuisti
995 1073 1158 1142 diesmeos.
1206 1072 1249 1147 In
1265 1095 1348 1170 grae.

288 1190 332 1245 co
349 1170 738 1256 scribiturmnmeag,
765 1172 864 1263 quod
876 1169 1251 1267 fignificatmensuram
1265 1196 1349 1263 qua·

285 1282 372 1342 tuor
392 1269 597 1364 digitorum.
648 1272 792 1346 Veiens
815 1293 901 1367 ergo
925 1273 1059 1345 docere
1077 1291 1174 1361 nos,
1201 1274 1261 1363 qui
1274 1274 1347 1365 jam

284 1371 322 1443 in
346 1371 415 1441 hac
441 1372 515 1439 vita
537 1372 666 1442 breves
684 1369 936 1465 &perpaucos
954 1372 1115 1443 ducimus
1133 1370 1230 1462 dies,
1257 1373 1347 1466 dixit

285 1470 385 1544 hunc
400 1468 632 1559 versiculum,
660 1471 703 1541 de
721 1491 793 1561 quo
807 1470 907 1562 supra
922 1470 1083 1546 diximus.
1128 1467 1191 1541 'Ex
1207 1490 1279 1561 quo
1293 1472 1345 1546 in·

284 1569 477 1661 telligitur‚
503 1569 584 1659 quia
600 1567 704 1659 peffit
724 1570 757 1642 e
778 1572 866 1644 alius
882 1571 1021 1661 dicere,
1049 1568 1131 1660 quia
1148 1569 1225 1641 dies
1240 1590 1344 1641 meos

282 1664 430 1762 posuisti
450 1687 561 1740 unum
577 1668 745 1763 digitum,
772 1671 876 1741 velut
896 1663 1121 1760 consequens
1137 1668 1181 1740 de
1202 1683 1345 1762 tempo·

282 1769 330 1840 rit
348 1768 550 1858 brevitate,
577 1768 610 1840 tr
630 1769 717 1840 alius
734 1770 825 1840 duos
840 1769 971 1863 digitos
989 1771 1050 1840 vel
1066 1781 1153 1849 tres.
1206 1770 1342 1861 Quaero

233 1961 236 1966 .
269 1880 427 1957 ¹autern,
453 1866 617 1959 fipotest
638 1870 763 1958 aliquis
785 1869 973 1942 hominum
994 1867 1132 1951 dicere,
1165 1869 1246 1959 quia
1266 1867 1342 1939 dies

281 1968 353 2041 mei
376 1965 505 2040 decem
529 1966 628 2068 digiti
649 1966 756 2058 sunt,
792 1981 854 2039 aut
873 1971 1023 2064 viginti,
1056 1971 1246 2043 autetiam
1271 1987 1341 2037 anr-

280 2067 387 2160 piius.
439 2063 488 2135 Et
511 2067 692 2155 quiaioce
714 2065 868 2140 difficilia
891 2069 1126 2157 incurrimus,
1153 2068 1263 2139 velim
1286 2086 1341 2137 re·

281 2167 451 2258 quirere,
477 2163 587 2238 ficubi
603 2170 641 2238 in
663 2165 842 2258 scripturis
867 2170 938 2239 tale
959 2165 1090 2256 aliquid
1113 2166 1340 2262 invenimus,

282 2286 326 2338 ex
340 2282 416 2355 quo
436 2261 540 2358 possit
555 2267 682 2357 aperiri
698 2269 837 2357 planius
858 2267 914 2358 id,
942 2268 1040 2358 quod
1058 2265 1201 2339 videtur
1214 2262 1341 2336 obscu-

277 2385 369 2439 rum.
422 2361 466 2440 ln
481 2362 582 2436 Esaia
606 2363 772 2461 scriptum
796 2366 996 2438 recordor:
1024 2369 1109 2458 Quis
1130 2369 1261 2435 meritus
1280 2363 1339 2458 esi,

278 2466 421 2555 inquit,
453 2488 549 2534 manu
569 2490 702 2561 aquam,
728 2463 767 2539 (5
789 2465 896 2534 celum
913 2467 1038 2557 palmo,
1071 2461 1110 2540 (5
1132 2489 1249 2533 omnem
1275 2481 1339 2533 ter·

278 2591 349 2639 ram
363 2559 508 2659 pugillo?
539 2560 594 2635 Ex
616 2566 743 2657 quibus
767 2563 995 2655 consideret,
1028 2564 1186 2653 quisquis
1204 2564 1264 2632 iile
1288 2559 1339 2633 est

275 2665 492 2763 prudentior
518 2664 719 2738 auditorum
751 2683 817 2755 pet
849 2662 982 2758 singula
1006 2663 1089 2733 loca
1115 2657 1337 2734 differentias
1362 2653 1364 2660 ’

274 2763 538 2855 mensurarum,
571 2755 759 2856 quomedo
780 2775 907 2837 eorum
933 2760 1103 2852 quidem,
1130 2762 1187 2848 qui
1208 2760 1338 2842 coeium

275 2875 462 2939 merentur
488 2865 686 2956 appellari,
722 2882 803 2956 pars
831 2864 943 2941 vite,
977 2881 1054 2951 quae
1081 2857 1230 2931 coeiestis
1260 2856 1335 2956 est,

276 2967 400 3057 palmo
416 2961 488 3034 Dei
501 2965 619 3035 metiri
633 2964 782 3042 dicitur,
809 2963 1025 3052 quicumque
1036 2962 1097 3031 iile
1114 2958 1164 3032 est
1178 2957 1248 3030 Dei
1263 2958 1337 3052 pal.-

274 3084 375 3139 musz
401 3061 435 3133 dt
453 3081 600 3153 eorum,
626 3083 778 3152 quorum
793 3065 870 3135 vita
882 3062 997 3133 adhuc
1012 3073 1154 3131 terrena
1173 3056 1241 3136 est,
1267 3073 1334 3153 pu.-

273 3163 360 3259 gillo
371 3162 445 3236 Dei
456 3162 531 3233 vita
544 3159 702 3235 metitur.
746 3160 817 3233 Sed
830 3159 1079 3255 pugiiiidivini
1095 3155 1335 3231 differentiam

271 3263 589 3350 nuncrequirere,
616 3262 649 3334 dt
667 3260 826 3334 nostrum
842 3258 1041 3355 sermon-em
1054 3257 1086 3327 ἂ
1100 3256 1257 3330 auditum
1272 3276 1333 3327 ve·

271 3360 380 3436 strum
398 3359 546 3438 fortassis
565 3360 727 3436 excedat.
777 3359 1039 3431 Verumtamen
1055 3356 1143 3429 sicut
1161 3357 1209 3429 ibi
1225 3371 1333 3428 manu
1419 3365 1421 3370 '

272 3481 399 3553 aquam
415 3458 559 3534 meti-tus
575 3456 647 3551 est,
672 3461 794 3552 palmo
815 3460 965 3541 celum,
993 3458 1187 3529 &omnem
1201 3468 1332 3554 terram

252 3563 429 3658 pugillo,
456 3559 683 3652 &appendit
706 3571 852 3632 montes
875 3561 912 3628 in
930 3556 1078 3652 statera,
1105 3555 1138 3625 ἃ
1161 3556 1274 3627 coiies
1291 3555 1331 3626 in

266 3663 353 3758 jugo
363 3685 377 3733 :¹
398 3661 449 3732 ita
466 3660 571 3730 etiam
584 3658 643 3729 hic
656 3657 852 3731 secundum
865 3656 1024 3728 eamdem
1036 3652 1330 3744 consequentiam
1413 3659 1417 3670 ’

269 3759 432 3835 mensura
448 3755 517 3829 ist'a
539 3756 573 3829 ἂ
590 3756 823 3852 intelligenda.
844 3754 918 3847 est,
945 3756 1115 3846 quoniam
1133 3755 1221 3824 nihil
1242 3750 1327 3823 Deo

268 3861 339 3936 stne
353 3854 519 3932 mensura
532 3854 614 3948 est,
630 3857 718 3928 nihil
736 3856 809 3929 sine
826 3853 1008 3947 pondere,
1034 3852 1228 3924 scdomnia
1243 3850 1328 3921 eim

268 3979 423 4037 numero
439 3955 658 4029 constant&
679 3954 851 4132 menlspra
899 3951 953 4026 Ita
971 3972 1117 4046 quoque
1134 3949 1327 4061 Propirerae

822 4076 849 4151 4
1206 4062 1292 4121 uxta
