3242 4609
451 363 1180 460 sennurnlnsesnnmos
1260 393 1333 474 507

265 545 471 570 m
873 539 1329 584 -ss——nn

439 672 866 751 'PSALMUS
918 671 1108 754 CXLIV.
1217 713 1239 739 -·
1323 677 1328 714 ’-

331 837 458 912 xaitabo
482 853 516 912 te
537 843 748 926 Deusmeus,
772 832 856 916 tic]
870 883 875 896 ·
889 834 1074 912 Exaltatio
1093 836 1255 931 spirittlis
1280 838 1332 914 est

356 938 678 1036 gratissumum,
704 957 810 1031 quam
823 952 924 1013 mens
938 958 1028 1034 pura
1042 939 1161 1015 reddit
1174 937 1225 1014 ob
1243 961 1333 1034 prae·

257 1035 347 1134 stite
363 1041 427 1115 fibi
444 1062 464 1114 a
478 1040 563 1114 Deo
581 1036 768 1115 beneficia.
1101 1055 1105 1060 '

347 1145 407 1214 Per
426 1141 558 1237 fingusor
578 1143 642 1212 dier
660 1143 834 1212 benedicam
853 1138 930 1223 tibi,
956 1129 1042 1218 da]
1084 1133 1221 1230 Etiam,
1250 1143 1332 1214 cum

263 1237 306 1314 in
324 1242 493 1335 periculis
514 1240 553 1314 -&
576 1240 840 1314 tentationibus
865 1240 1001 1322 fuero,
1037 1239 1245 1330 benedicam
1268 1239 1336 1333 te,·'

266 1339 405 1435 inquit,
432 1341 613 1433 Domine,
633 1342 669 1413 id
694 1341 763 1435 est‚
789 1352 980 1435 perpetuo.
1032 1334 1177 1416 Etenim
1200 1342 1333 1414 multo·

267 1460 348 1518 tum
372 1443 406 1516 ei
432 1439 783 1536 debitoressumus,
819 1441 917 1534 quod
948 1438 1113 1513 nondum
1140 1437 1333 1514 existentes

265 1540 422 1634 fecerit,
450 1542 549 1633 quod
567 1543 655 1618 tales
670 1540 835 1616 effecerit
846 1585 868 1634 ,-
884 1539 983 1633 quod
1001 1537 1115 1613 fastos
1132 1541 1334 1635 contineat,

264 1642 369 1735 quod
386 1662 451 1735 per
472 1642 629 1738 fingulos
647 1640 722 1717 dies
745 1643 851 1715 nobis
867 1639 1063 1733 provideat
1078 1652 1150 1712 tam
1165 1640 1333 1732 publice,

267 1763 374 1836 quam
389 1742 579 1835 privatim,
593 1756 677 1846 ¹tam
695 1743 808 1835 clam,
831 1761 937 1834 quam
949 1742 1085 1834 palam,
1108 1740 1235 1830 etiam,
1253 1762 1336 1816 cum

268 1841 457 1920 nescimus.
508 1841 600 1916 Non
618 1856 770 1937 propter
786 1861 829 1915 ea
848 1853 968 1916 autem
981 1851 1121 1916 tantm
1142 1842 1337 1934 convenit,
1377 1879 1381 1894 ·
1442 1898 1445 1914 ,

267 1957 313 2016 ut
346 1953 524 2035 perpetuo
558 1945 699 2016 laudem
732 1943 808 2035 ejus
844 1941 1099 2031 concinamus,
1136 1937 1196 2013 sed
1230 1937 1339 2015 etiam

268 2053 424 2138 propter
447 2042 728 2135 magnitudinem
760 2041 896 2137 gioriae·
916 2038 1047 2134 ipsius,
1080 2052 1232 2133 propter
1260 2039 1339 2113 sub·

269 2142 433 2220 stantiam
454 2144 698 2234 corruptionis
721 2155 922 2235 expertem.
977 2138 1122 2213 Etenim
1143 2152 1340 2233 propterea

269 2243 424 2318 debetur
449 2241 484 2314 ei
515 2262 535 2313 a
560 2242 668 2316 nobis
688 2242 764 2314 laus
791 2241 825 2314 &
850 2239 1084 2331 beneditus,
1112 2240 1341 2332 &perpetua

271 2341 464 2439 gratiarum
488 2338 601 2433 auio,
628 2341 824 2434 eccultus,
851 2339 885 2413 dc
908 2339 1138 2414 ministerium
1159 2340 1338 2417 assiduum.
1438 2337 1443 2342 ’

271 2441 362 2518 Hoc
379 2438 490 2533 ipsum
508 2459 597 2535 ergo
618 2439 801 2535 Propheta
822 2436 1020 2537 significans
1037 2437 1230 2537 subjunxit.
1399 2435 1401 2440 ’

276 2589 280 2600 ·
350 2545 494 2633 Magnes
513 2545 701 2636 Dominus,
727 2538 766 2617 (5
786 2542 958 2612 laudabilis
980 2545 1096 2625 nimir,
1122 2540 1162 2615 (5
1183 2542 1342 2631 magnitu-

301 2649 361 2710 ἠν]
379 2644 446 2738 ejus
459 2665 524 2711 non
542 2641 688 2739 ejifieis,
705 2639 788 2730 sta]
816 2610 1119 2738 Quandoquidem
1128 2640 1338 2737 magnitudo

272 2741 348 2820 Du
367 2742 403 2813 in
424 2737 594 2835 Christo,
624 2743 657 2814 u
677 2743 715 2813 in
737 2741 910 2814 creaturis
931 2737 1001 2812 eise
1030 2738 1277 2833 conspicitur,
1309 2740 1345 2814 dt

275 2841 526 2935 magnitudinis
544 2844 621 2934 ejus
642 2862 721 2914 non
746 2839 797 2914 est
813 2836 916 2931 finis,
942 2839 1041 2914 forte
1065 2841 1150 2914 hinc
1170 2842 1275 2913 etiam
1295 2861 1342 2913 ex
1397 2850 1399 2854 '

275 2936 422 3014 infinito
449 2939 487 3011 in
506 2938 683 3014 infinitum
705 2941 743 3013 in
770 2964 838 3032 ea,
867 2959 951 3031 quae,
968 2941 1012 3016 ab
1031 2939 1108 3035 ipso
1131 2938 1343 3034 factasunt,

275 3038 512 3136 providentie
536 3039 755 3132 conspicitur
776 3039 858 3114 Dei.

358 3138 534 3234 Ejusdem]
561 3136 731 3214 Omnium
745 3141 907 3232 quidem,
935 3161 1012 3232 quae
1027 3137 1230 3231 famosum,
1257 3160 1346 3213 con·

277 3235 667 3410 semplicitiofinitaest,
694 3237 768 3349 sola
780 3261 872 3313 vero
886 3238 1010 3314 sanetae
1022 3237 1211 3314 Trinitatis
1225 3242 1346 3337 cogni·

282 3340 337 3414 tio
355 3340 391 3411 in
420 3338 506 3412 nita.
701 3355 714 3378 Χ

358 3440 404 3510 Et
423 3438 638 3525 miserationes
661 3439 838 3535 ejur‘supcr
854 3444 961 3509 emnia
976 3458 1068 3519 opere
1089 3444 1174 3539 ejus,
1200 3438 1282 3525 Ue]
1309 3437 1346 3515 Si

280 3535 526 3615 miserationes
548 3537 620 3609 Dei
641 3535 881 3629 superomnia
898 3557 1011 3631 opera
1029 3540 1130 3632 ejus,
1157 3539 1346 3633 quomodo
1417 3539 1421 3543 ’

277 3638 554 3729 suntnonnulli‚
570 3638 614 3709 ad
630 3658 722 3728 quos
736 3658 813 3710 non
824 3639 1070 3732 perveniunt?
1091 3640 1228 3732 Utique
1240 3640 1347 3713 etiam

282 3738 387 3835 super
400 3735 495 3830 ipsos
512 3734 593 3810 sunt
611 3737 856 3812 miserationes
871 3737 962 3815 Dei:
987 3739 1049 3814 nisi
1067 3739 1166 3814 sorte
1179 3739 1222 3813 ad
1237 3760 1350 3832 opera
1380 3803 1389 3811 .

283 3840 428 3933 quidem
452 3837 528 3930 ejus
546 3838 756 3935 pertingunt
774 3835 1019 3914 miserationes
1043 3840 1171 3937 ipsrus,
1192 3842 1246 3914 ad
1262 3861 1352 3937 ope·

282 3959 324 4018 te
343 3953 462 4017 autem
483 3957 653 4014 manuum
682 3936 758 4031 ejus
778 3957 857 4011 non
879 3940 978 4019 item.

1062 4129 1069 4136 ’
1143 4105 1184 4270 7,
1213 4136 1333 4250 wi?
