3242 4609
276 299 323 376 ιι
545 261 1063 366 exorrcrnr

274 455 355 532 hec
376 451 523 546 omnir,
549 449 707 548 transtri,
731 441 1086 546 inquineremus
1103 465 1186 526 nar.
1210 447 1223 456 ”
1238 447 1342 548 'Quid
1394 499 1396 504 -

382 701 394 724 ⁸
659 703 673 744 s

273 747 431 826 trrnlillc
447 743 626 842 Mopsum,
650 762 694 824 ut
709 749 854 825 videret
869 749 1045 827 visionem
1066 770 1123 825 ms
1173 769 1251 844 am,
1267 703 1356 844 pos·

273 847 375 928 tellis
392 845 427 922 lu
445 866 545 922 nunc
567 843 688 944 scire,
710 848 797 944 quid
820 849 895 945 est,
921 851 1020 944 quod
1041 862 1118 924 trm
1147 869 1186 924 re
1210 845 1344 923 dicitur

268 943 397 1046 julius.
448 941 542 1022 Cum
555 947 742 1042 uidemus,
768 951 899 1024 extolli
915 951 1067 1045 impios,
1093 949 1178 1023 &in
1194 949 1343 1025 nimiam

272 1041 475 1138 sstrrorbiem
489 1043 673 1140 crescere,
697 1046 935 1139 transeamus,
960 1049 1084 1124 &nos
1099 1046 1273 1123 mente&
1291 1047 1345 1122 in·
1396 1111 1398 1118 ,

274 1139 422 1220 telletlu
444 1145 488 1216 sb
515 1144 597 1241 his,
630 1167 711 1240 quc
733 1147 936 1244 videntur,·
957 1148 991 1223 dt
1013 1147 1227 1240 temporalia
1241 1146 1346 1229 sunt,

274 1241 307 1319 d
335 1241 589 1320 transieramus
614 1241 933 1323 sensumnostrum
950 1245 994 1323 sd
1010 1267 1076 1340 er,
1101 1266 1180 1339 quae
1193 1265 1272 1320 non
1293 1247 1346 1320 vi·

273 1341 433 1424 «lenitur.
460 1343 646 1420 &reterns
660 1345 753 1424 lunt
806 1346 1018 1447 Cogitemus
1032 1347 1247 1443 temporalis
1264 1346 1345 1420 haec

274 1435 349 1516 ulli
369 1441 401 1513 ιι
427 1461 628 1534 praticorum
647 1446 814 1542 dierum,
841 1468 919 1541 que
938 1447 1110 1521 videntur
1130 1447 1236 1520 elatu
1285 1443 1348 1520 In·

275 1547 441 1613 tuesmur
459 1539 587 1632 judicii
613 1543 730 1628 diem,
762 1546 797 1622 dc
818 1547 870 1622 ita
889 1544 990 1621 sensu
1011 1543 1137 1624 nostro
1154 1562 1347 1619 cernemus

275 1633 406 1749 illum,
431 1638 493 1730 qui
516 1637 802 1740 superexaltatus
826 1644 899 1740 eli,
925 1645 1091 1720 &elatus
1110 1642 1200 1718 ficut
1217 1641 1348 1719 cedrus

275 1731 439 1826 hoeni,
465 1739 505 1814 in
525 1739 584 1817 die
597 1742 724 1838 judicii
751 1746 904 1824 omnino
926 1765 1004 1820 non
1028 1742 1110 1820 else.
1193 1742 1230 1818 ul
1250 1743 1349 1818 enim

275 1851 357 1947 non
381 1833 434 1910 eli
455 1841 640 1940 perticeps
664 1844 790 1941 illius,
817 1847 878 1936 qui
902 1843 1041 1939 semper
1064 1841 1133 1926 est,
1157 1841 1185 1944 i
1214 1837 1350 1934 estqui

275 1931 388 2044 ‹iturtr
419 1937 592 2032 ligastis,
618 1945 774 2042 pristim,
800 1942 865 2018 iste
876 1963 996 2038 nsque
1014 1940 1087 2016 effe
1105 1940 1246 2017 dicitur.
1272 1940 1350 2016 De·

277 2047 392 2124 uiuus
415 2052 632 2132 peccatores
660 2064 739 2119 non
762 2056 1021 2141 computentur
1048 2040 1130 2117 else.
1181 2037 1349 2115 Unde&

279 2127 488 2226 Apostolus
519 2135 815 2218 devocatione
836 2143 997 2241 gentium
1031 2141 1176 2214 dicebat
1191 2162 1208 2226 s,
1240 2137 1350 2236 Elegit

281 2233 392 2320 Dens,
443 2262 488 2310 ιιι
502 2264 569 2312 non
579 2242 681 2332 sunt,
707 2262 745 2316 ur
758 2267 810 2331 ea,
836 2242 1009 2340 quassent,
1025 2242 1169 2341 deliteat.
1193 2233 1293 2314 lirin
1310 2241 1352 2314 li·

279 2331 352 2406 bro
374 2257 506 2413 Ethr
528 2340 681 2417 dicitur:
714 2347 796 2416 Non
812 2344 923 2415 tradas
939 2346 1077 2416 Domine
1087 2341 1244 2438 sceptrum
1259 2356 1351 2413 tuum

279 2429 359 2520 Μ’»
384 2442 441 2533 qui
460 2463 525 2511 nro
534 2441 626 2531 sunt.
659 2442 794 2517 Donec
811 2463 899 2540 ergo
917 2443 996 2535 quis
1008 2442 1154 2517 miratur
1172 2437 1348 2533 superbos

279 2530 321 2604 ln
336 2534 500 2615 elatione
520 2540 601 2630 sua,
627 2541 747 2617 donec
767 2542 933 2616 adulatur.
947 2542 1024 2634 quis
1068 2541 1296 2614 eccatoribus
1313 2539 1349 2612 ὰ

281 2627 468 2734 superbis,
487 2655 625 2717 certum
637 2640 707 2735 est,
727 2663 809 2715 eum
826 2661 903 2715 non
916 2640 1021 2715 tranli
1049 2661 1090 2732 e,
1115 2657 1185 2714 nec
1203 2635 1348 2730 vidille,

283 2751 365 2824 ques
380 2756 460 2813 non
476 2739 576 2835 sunt,
601 2741 662 2815 sed
677 2759 890 2835 permanere
908 2741 947 2811 in
960 2739 1034 2812 hoc
1050 2737 1214 2832 presenti
1231 2733 1348 2829 statu,

284 2829 322 2904 dt
345 2831 486 2912 idcirco
511 2841 629 2915 mirari
657 2840 695 2912 in
717 2840 768 2911 eis
788 2837 989 2932 praesenten
1013 2838 1173 2936 gloriam.
1229 2833 1268 2908 Si
1292 2856 1352 2908 au·

285 2937 364 3004 tem
382 2956 431 3009 eo
448 2945 561 3024 modo
575 2935 747 3014 transeat,
774 2958 847 3029 quo
861 2936 1021 3030 superius
1038 2936 1208 3018 diximus,
1231 2931 1349 3027 idest,

283 3043 411 3106 mente
433 3034 467 3109 ἀ
493 3034 592 3109 sensu
617 3034 845 3110 transcendat
863 3058 882 3110 a
898 3035 1130 3131 ptaesentibus
1152 3034 1186 3107 dt
1206 3047 1351 3130 tempo-

285 3128 422 3206 ralibus
442 3135 486 3208 ad
508 3135 627 3208 futura
647 3149 753 3226 atque
767 3150 964 3230 perpetua,
989 3148 1077 3209 tunc
1096 3154 1187 3210 vero
1204 3133 1291 3207 dicit
1303 3131 1351 3207 de

287 3245 365 3322 eo,
402 3255 509 3326 quem
527 3235 659 3309 viderit
677 3237 812 3309 elatum
832 3235 921 3309 sicut
938 3234 1067 3308 cedros
1085 3233 1240 3326 Libani,
1266 3234 1350 3327 quia

287 3329 431 3426 trusisti,
463 3335 502 3411 di
530 3360 593 3407 ecce
615 3357 682 3407 non
699 3350 793 3407 erare
827 3336 996 3427 quoniam
1020 3333 1054 3407 δι
1080 3337 1209 3428 coelum
1236 3329 1351 3427 ipsum

287 3421 324 3500 dt
349 3441 445 3505 terra
464 3435 671 3510 transrbunt.
722 3432 832 3528 Apud
848 3434 968 3518 Deum
988 3433 1130 3520 omnis,
1156 3452 1234 3526 quae
1252 3429 1353 3504 futu·

286 3543 329 3600 rt
352 3527 454 3626 sunt,
472 3534 544 3628 jam
561 3554 629 3629 pro
645 3530 745 3608 factis
760 3534 949 3607 habentur.
1000 3530 1170 3624 Denique
1188 3529 1350 3604 dicebat:

289 3625 461 3706 Dcderunt
487 3640 525 3706 in
550 3636 644 3725 escam
671 3658 767 3705 meam
782 3632 857 3726 fel,
892 3629 991 3725 quod
1016 3629 1090 3706 fine
1113 3632 1225 3706 dubio
1250 3630 1355 3704 futu·

287 3743 370 3804 rum
394 3733 510 3807 adhuc
533 3747 634 3828 erat,
677 3733 799 3826 &jam
825 3730 955 3806 factum
980 3731 1176 3807 dicebatur.
1236 3733 1276 3803 ln
1293 3729 1356 3826 fiti-

289 3847 358 3901 nrea
376 3851 576 3931 potaverunt
592 3858 639 3906 ms
658 3850 761 3925 aceto,
788 3830 913 3905 &nou
933 3830 1043 3905 dixit:
1069 3832 1262 3924 potabunt.
1288 3829 1351 3904 Sic

290 3943 379 4032 crgo
393 3918 488 4034 apud
506 3933 626 4014 Deum
632 3977 646 4034 ,
671 3953 749 4030 quae
765 3930 885 4011 future
903 3929 1005 4024 sunt,
1026 3925 1100 4029 juo
1115 3925 1206 4008 tetta
1227 3929 1351 4106 Qum
