3242 4609
271 313 275 320 '
453 322 1147 446 srrucrnrursnumos.
1212 296 1330 445 'm
1381 399 1385 420 .

219 517 221 526 ’
348 510 381 584 8.
412 506 551 575 Locutus
560 507 656 600 sum,
679 501 824 599 inquit,
850 512 887 578 in
906 506 1016 600 lingua
1033 531 1110 579 mea.
1160 507 1257 603 Quid
1273 512 1332 582 low

272 599 376 676 cutus
394 600 438 675 irt
456 604 495 676 in
515 607 634 700 lingua
652 603 730 685 sua,
757 606 1041 682 consideremus:
1068 605 1212 680 videtur
1232 609 1329 686 enim

271 702 357 778 ruini
380 723 446 794 per
467 705 545 787 haec
563 702 749 797 mysticum
770 707 901 797 aliquid
923 704 1091 781 indicare.
1137 704 1202 778 Ait
1221 727 1346 804 ergon

271 805 398 875 Netum
410 804 467 894 fac
489 806 570 873 mihi
595 809 732 875 Domine
742 808 846 896 finem
869 829 991 883 meum,
1022 807 1061 883 (5
1078 831 1241 878 numerum
1263 810 1338 878 die-1

227 966 248 1001 ι,
273 925 510 981 rerumrerum,
534 908 603 1000 quis
618 905 675 1001 esi,
701 907 863 1002 scisciam,
889 906 1152 1002 quiddefirmihi.
1203 906 1353 990 8i‚r'n·.

252 1007 255 1013 ’
273 1002 370 1094 quit,
396 1014 525 1074 notum
536 1002 666 1077 feceris
680 1001 788 1079 finem
804 1025 923 1080 meum
935 1006 1042 1096 mihi,
1068 1006 1267 1098 &quantus
1285 1004 1342 1079 irt-

271 1120 442 1176 numerus
458 1100 594 1175 dierum
612 1125 804 1196 meorum,
831 1119 959 1196 notum
978 1104 1108 1177 feceris
1126 1106 1236 1188 mibi,
1261 1124 1328 1198 po·

261 1211 355 1272 uero
376 1220 442 1293 per
459 1202 535 1273 haec
549 1203 657 1276 etiam
675 1204 762 1276 iliud
783 1202 1036 1299 agnoscerere,
1063 1203 1148 1294 quid
1165 1203 1329 1276 desrtmi·

271 1298 320 1374 bi.
372 1297 452 1372 Aut
464 1300 561 1376 forte
574 1322 639 1395 per
653 1302 731 1375 huc
746 1306 853 1380 etiarn
867 1302 955 1375 illud
971 1302 1153 1376 videbitur
1164 1301 1332 1395 indicari,

273 1397 334 1489 qui
355 1397 445 1471 sicut
468 1402 585 1472 omnis
608 1404 691 1474 artis
719 1401 920 1492 est.aliquis
947 1397 1054 1495 finis,
1088 1402 1192 1474 verbi
1217 1400 1329 1497 gratia

271 1493 473 1572 {inustionis
493 1496 596 1594 finis',
628 1502 774 1576 domum
797 1502 945 1594 facere,
978 1502 1168 1597 naupagii,
1194 1520 1328 1573 navem
1421 1591 1426 1602 x

271 1595 502 1689 construere,
528 1617 606 1689 quae
620 1600 862 1694 poiiitflubius
875 1602 980 1675 maris
997 1599 1181 1695 superare,
1209 1598 1329 1672 &fer-

270 1715 312 1770 re
325 1699 488 1789 impetus*
506 1710 726 1782 ventorum,
753 1700 786 1775 bu
805 1701 1084 1793 uniuscujusque
1104 1701 1186 1772 artis
1201 1698 1252 1772 est
1268 1699 1329 1770 ali·
1374 1728 1376 1733 v

271 1796 350 1888 quis
368 1796 448 1868 talis
465 1792 567 1887 finis,
592 1814 744 1893 propter
766 1821 872 1893 quem
891 1818 945 1872 ars
960 1799 1033 1892 ipsa
1047 1801 1190 1873 videtur
1207 1818 1330 1888 reper-

221 1981 226 1989 ,
270 1907 330 1971 ter
356 1895 407 1967 ita
424 1894 572 1970 fortaffis
589 1896 641 1971 est
654 1903 738 1973 vitae
757 1898 888 1974 nostrae
906 1902 968 1972 vel
984 1900 1097 1971 totius
1108 1901 1230 1973 mundi
1245 1893 1329 1970 finis

270 1994 438 2088 quidam,
464 2009 614 2089 propter
634 1999 734 2089 quod
748 2014 920 2096 geruntur
934 2000 1077 2085 omnia,
1103 2018 1181 2087 quae
1200 2016 1331 2093 gerun-

269 2095 381 2168 turin
397 2094 473 2166 vita
487 2092 626 2176 nostre,
651 2101 713 2172 vel
726 2112 879 2193 propter
893 2118 999 2189 quem
1013 2096 1166 2170 mundus
1181 2095 1254 2189 ipse
1265 2095 1329 2168 vel

268 2191 453 2274 institutus
471 2192 546 2286 est,
580 2199 640 2269 vel
658 2196 810 2272 constat.
868 2195 978 2290 Cujus
995 2192 1077 2269 finis
1097 2198 1206 2270 etiam
1218 2192 1330 2289 Apo·
1428 2231 1430 2236 .

270 2289 385 2368 stolus
402 2295 565 2366 meminit
583 2293 725 2370 dicens:
753 2299 876 2367 Deinde
884 2300 986 2387 finis,
1012 2321 1079 2365 cum
1096 2285 1269 2366 tradide'r'ir
1281 2317 1330 2363 re·

236 2447 243 2454 .
266 2411 367 2490 gnum
383 2397 450 2463 Deo
462 2391 606 2490 &patri
639 2394 698 2470 Ad
714 2416 821 2486 quern
831 2393 941 2471 finem
952 2396 1078 2486 utique
1091 2393 1330 2470 festinandum

268 2491 349 2585 est,
380 2491 481 2565 ubfit
499 2499 782 2588 operaeprecium
806 2496 881 2568 hoc
905 2493 1045 2588 ipsum,
1079 2495 1177 2584 quod
1200 2516 1220 2565 s
1241 2492 1328 2565 Deo

270 2591 385 2686 creati
401 2589 529 2666 sumus.
579 2590 628 2666 Et
651 2594 793 2673 rursus,
818 2594 907 2667 srcut
924 2594 1088 2684 corporis
1105 2590 1216 2664 nostri
1231 2609 1333 2663 com·

268 2712 365 2788 pago
387 2711 502 2862 fiarva
522 2693 681 2784 quaedam
707 2694 740 2766 &
765 2695 892 2790 exigua
913 2695 957 2764 ab
975 2686 1082 2780 initio
1108 2690 1330 2774 nativitatis,

271 2789 384 2865 confe
416 2792 465 2863 im
486 2802 606 2866 tamen
621 2805 744 2888 urget,
770 2793 803 2865 δι
823 2790 941 2865 tendit
960 2790 1003 2863 ad
1018 2786 1125 2865 finem
1142 2787 1331 2881 quemdam

220 2967 224 2972 ,
271 2892 501 2988 proceritatis
516 2891 583 2965 suae
601 2914 665 2986 per
678 2894 791 2966 aetatis
803 2904 1010 2988 augmenta,
1027 2890 1223 2980 &iterum‚
1242 2886 1332 2960 sicut

272 2992 390 3064 anima
407 2986 529 3062 nostra
551 2989 744 3068 secundum
763 2993 865 3083 hoc,
901 2991 999 3083 quod
1023 2991 1060 3060 in
1079 3008 1237 3085 eorpore
1255 2986 1330 3069 hoe

273 3086 565 3183 degit‚'.festinat
594 3094 711 3186 primo
737 3093 918 3182 loquelam
944 3090 1108 3181 recipere,
1131 3088 1332 3161 balbutien-

273 3199 369 3269 tem,
394 3185 553 3262 secundo
573 3190 702 3264 deinde
720 3194 928 3280 clariorem,
954 3203 1031 3262 tum
1046 3188 1188 3261 demum
1207 3186 1248 3256 ad
1267 3179 1333 3272 dii·

271 3288 501 3384 putationem
515 3286 825 3383 perfruamatque
839 3290 1013 3383 integram
1027 3289 1235 3379 pervenire:
1255 3284 1331 3355 hoe

270 3387 386 3463 modo
407 3387 514 3461 etiam
531 3391 648 3463 omnis
663 3391 739 3462 vita
754 3387 874 3462 nostra
888 3387 1059 3459 imbuitur
1076 3384 1219 3477 quidem
1232 3399 1332 3455 nune

272 3489 378 3564 velut
392 3487 596 3562 balbutiens
612 3490 707 3560 inter
724 3488 891 3561 homines
907 3486 945 3558 in
962 3485 1084 3557 terris:
1110 3482 1330 3556 consumma·

271 3602 331 3664 tur
345 3606 458 3679 vero,
483 3586 577 3660 &nd
593 3585 764 3662 summurn
777 3585 947 3682 pervenit
960 3588 997 3657 in
1017 3582 1216 3656 coelestibus
1237 3578 1333 3674 apud

272 3687 407 3763 Deum.
457 3686 568 3782 Cupit
585 3705 672 3783 ergo
684 3686 865 3780 propheta
879 3680 944 3755 ista
960 3683 1005 3755 fle
1022 3680 1122 3755 causa
1138 3679 1333 3790 agnoscere

273 3786 386 3864 ¹bueus
407 3786 529 3874 suum}
555 3799 708 3879 propter
720 3805 826 3876 quem
844 3779 956 3855 fabius
972 3779 1043 3872 est,
1075 3794 1117 3852 ut
1132 3782 1277 3854 intuens
1292 3777 1333 3848 ir·
1406 3812 1409 3818 ·

272 3909 357 3964 nem
372 3912 389 3969 ‚¹
417 3885 452 3960 sc
474 3882 549 3959 dies
566 3882 649 3959 suos
670 3882 886 3981 perspiciens
910 3881 945 3953 bt
969 3879 1197 3953 considerans
1218 3874 1338 3966 perfer

275 3985 454 4069 aionem,
479 3987 622 4082 videat,
649 3997 821 4079 quantum
841 3979 905 4072 irbi
924 3977 1022 4092 deeii
1034 3978 1079 4056 ad
1093 3978 1195 4055 illum
1208 3971 1333 4055 finem,

763 4080 891 4184 113,
1220 4091 1321 4169 mm
