3242 4609
465 257 1160 418 srtrjcrnrmrsntiros.
1199 313 1202 320 ·
1260 252 1346 432 ’,μζ

274 470 359 566 lud,
396 470 497 564 quod
525 469 631 570 apud.
650 465 881 546 Salomonem
902 469 946 566 in
970 468 1177 572 Proverbiis
1207 471 1339 552 ditium
1370 503 1373 508 ·

275 569 352 646 est}
370 574 591 665 cogitationes
613 573 766 670 justorum
784 575 917 666 judicia.
970 571 1034 644 llla
1047 574 1171 668 judicia
1189 570 1270 647 sunt
1280 577 1339 672 ju.

268 675 369 770 piria
385 669 482 766 ,Dei-r
507 685 595 743 tunc
617 685 735 748 autem
756 665 876 776 fiunt,
896 669 1039 761 quando
1053 670 1193 764 J'uravi,
1221 673 1339 748 &sta-

272 772 335 844 tui
348 771 409 844 iila
428 769 469 842 in
486 769 704 864 memetipso.
753 768 872 843 Porro
886 772 1023 867 floruere
1040 772 1217 846 hocloco
1235 767 1337 871 figni-

271 868 380 961 fleat,
405 864 555 943 firmiter
576 870 794 959 decernere3
822 871 983 967 &jurare
1003 870 1095 944 idem
1118 869 1196 963 est,
1219 870 1337 948 a'cimss

271 969 492 1065 mutabiliter
525 969 611 1043 illud
645 990 878 1065 proponere,
916 971 949 1043 u
982 990 1075 1061 opus
1105 971 1336 1066 jurisjurandi

258 1065 648 1168 ,cumtoniirmationie
664 1069 879 1144 inviolatum
895 1067 1037 1143 servare
1053 1071 1160 1145 velle.

255 1189 265 1232 ’τ
288 1183 296 1264 ’ἡ
354 1172 546 1242 Voluntaria
566 1175 630 1243 eris
647 1177 707 1241 mei
727 1170 920 1267 beneplacita
937 1171 991 1259 fac
1012 1175 1163 1257 Domine,
1188 1169 1228 1247 U
1244 1174 1337 1270 judiss

272 1272 323 1339 cia
342 1284 398 1354 rua
414 1270 482 1340 dice
494 1293 561 1361 me,
581 1264 684 1366 δα]
698 1271 788 1369 Quae
802 1291 878 1344 non
892 1267 1006 1343 sumus
1021 1269 1098 1363 juffi
1111 1268 1249 1363 facere,
1276 1271 1336 1345 sed

272 1359 596 1443 iiberavoluntate
614 1369 785 1460 iacimus,
814 1391 854 1442 ea
871 1371 1025 1463 appellat
1044 1372 1246 1442 voluntaria
1260 1372 1335 1444 oris
1373 1423 1379 1438 χ

271 1467 413 1549 nostrit
436 1465 553 1566 ¹uerbi
575 1471 710 1568 gratia,
743 1470 767 1544 sr
787 1465 1030 1565 virginitatem
1048 1470 1221 1560 coluero,
1256 1491 1336 1561 quae

271 1563 682 1672 mihinetpirepraecepta
699 1591 818 1661 neque
833 1568 919 1663 jutia
939 1570 1009 1659 est,
1035 1566 1094 1642 sed
1114 1568 1242 1662 sponte
1261 1572 1336 1642 hoc

272 1659 698 1768 facere',³·-,1'neiinseligo.¹
739 1669 825 1742 Hoc
852 1670 960 1764 igitur
988 1670 1250 1766 beneplacitum
1276 1668 1336 1742 fac

272 1765 444 1842 Domine.
488 1767 551 1840 'Sic
576 1770 611 1841 &-
628 1770 696 1843 alia
716 1768 911 1843 istiusmodi
932 1768 1071 1841 invita
1090 1768 1210 1842 nostra
1234 1790 1337 1862 repo-

270 1866 430 1959 riemus,
457 1886 610 1958 quorum
632 1871 748 1963 aliqua
767 1870 907 1961 quidem
921 1868 998 1962 juisr
1018 1872 1121 1942 velut
1144 1866 1237 1942 servi
1250 1868 1337 1942 faci·

269 1985 369 2060 mus,
395 1968 511 2058 aliqua
527 1988 619 2041 vero
642 1968 791 2042 iacimus
808 1970 931 2043 libere.

346 2061 467 2137 ‘Anima
485 2091 550 2138 meu
563 2074 600 2137 iu
617 2070 762 2140 munibus
779 2074 844 2140 tuis
854 2067 987 2162 firmptr,
1013 2064 1155 2159 &legem
1166 2084 1253 2138 tuom
1269 2092 1337 2138 non

265 2166 494 2255 summimus,
521 2166 609 2262 din]
643 2169 814 2283 Quaeres,
838 2166 1025 2259 quomodo
1048 2171 1163 2241 anima
1181 2167 1335 2241 Davidis

271 2266 312 2338 in
327 2266 489 2339 manibus
508 2264 578 2340 Dei
591 2266 700 2342 fuent
718 2268 872 2362 semper:
899 2289 942 2340 an
955 2281 1122 2359 tanquam
1138 2267 1174 2339 in
1190 2265 1338 2360 justitia,

273 2365 336 2437 vel
353 2379 521 2455 tanquam
541 2368 579 2442 in
602 2368 825 2465 cognitione.
877 2363 925 2439 Et
949 2368 1047 2442 forte
1069 2367 1182 2460 priori
1203 2365 1337 2439 modo:

271 2481 355 2539 nam
373 2465 596 2561 Angelorum
614 2466 686 2563 est,
712 2465 849 2562 semper
864 2467 989 2540 videre
1003 2464 1129 2540 faciem
1144 2467 1236 2558 Dei,
1263 2467 1339 2538 hoe
1381 2557 1390 2573 κ

272 2564 351 2655 est,
377 2566 509 2640 habere
524 2567 616 2640 illius
636 2568 1009 2663 contemplationem¹
1028 2568 1214 2639 hominum
1229 2583 1338 2658 vero,

272 2662 376 2759 porse
398 2665 559 2761 semper,
593 2668 692 2760 quod
714 2667 844 2761 justum
864 2661 936 2759 est,
963 2661 1155 2740 efficaciter
1175 2667 1339 2757 operari:

274 2764 376 2855 quod
400 2764 479 2859 est,
511 2768 548 2859 in
576 2769 737 2842 manibus
764 2768 836 2841 Dei
862 2764 955 2839 effe:
991 2788 1071 2839 nam
1099 2764 1341 2860 menterecte

274 2884 403 2960 agere,
431 2864 538 2939 solius
558 2883 634 2942 erat
657 2866 812 2959 Christi,
847 2867 906 2959 qui
928 2880 1116 2959 peccatum
1133 2886 1207 2938 non
1230 2863 1339 2956 fecit,-

273 2963 448 3038 'videlicet
473 2965 582 3060 adu,
606 2969 867 3041 necinventus
891 2965 943 3039 est
965 2967 1069 3039 dolus
1092 2968 1127 3037 in
1151 2983 1218 3037 ore
1238 2960 1340 3057 ejus,
1384 3031 1386 3036 .

274 3062 441 3138 nimirum
461 3080 605 3159 mente,
630 3090 660 3156 „a
686 3089 755 3158 qua
774 3067 980 3160 procedunt
1006 3064 1180 3162 superflua
1205 3064 1340 3139 cordis.

275 3159 440 3237 Animam
459 3186 574 3240 meam
592 3166 657 3239 tibi
677 3168 869 3241 committo
889 3163 1048 3260 semper,
1075 3179 1113 3238 te
1133 3161 1340 3255 custodem,

277 3262 521 3351 protedtorem
549 3286 590 3338 ac
615 3268 892 3362 gubernatorem
915 3268 1009 3337 illius
1038 3263 1163 3343 facio,
1198 3262 1342 3356 &pro-

277 3363 521 3460 pterealegem
531 3379 628 3438 tuam
640 3384 715 3438 non
726 3364 798 3439 sum
810 3367 960 3457 oblitus,
975 3382 1021 3436 ne
1035 3364 1168 3437 cadam.
1196 3360 1341 3454 Omnis,
1406 3399 1412 3444 χ

280 3458 341 3548 qui
355 3455 500 3554 seipsum
513 3462 599 3538 Deo
618 3465 773 3556 addicit,
799 3467 947 3538 animam
966 3461 1061 3538 suam
1077 3465 1112 3535 in
1126 3481 1249 3536 manus
1263 3461 1340 3554 eius

263 3555 410 3647 tradit,
438 3565 737 3654 quemadmodum
761 3565 894 3638 &alibi
916 3564 1030 3637 dicitt
1068 3567 1231 3657 Quoniam
1251 3579 1289 3633 ru
1311 3587 1344 3632 es

275 3655 435 3755 promtior
451 3688 556 3751 meus,
586 3670 744 3752 Dumiue;
769 3670 807 3736 iu
825 3686 938 3737 manus.
961 3680 1033 3733 tuas
1059 3665 1230 3734 commendo
1243 3663 1342 3756 spiri·

282 3775 351 3829 rum
369 3779 479 3829 meum.
529 3764 565 3836 Si
578 3780 696 3838 autem
714 3760 860 3859 seipsum
873 3762 1001 3858 partim
1020 3761 1128 3834 tradit
1145 3760 1343 3852 voluptati·

281 3845 370 3948 bus,
398 3852 627 3934 &affedibu's
644 3865 853 3957 corporeis,
880 3877 987 3955 atque
1008 3863 1112 3955 hujus
1128 3865 1212 3935 vitae
1226 3859 1341 3953 curis,

281 3971 360 4032 non
382 3960 611 4034 commendat
630 3959 780 4039 animam
796 3960 891 4039 suam
913 3965 949 4036 in
965 3979 1089 4037 manus
1111 3959 1195 4037 Dei.

227 4053 242 4096 i
336 4061 481 4155 origenis
510 4056 600 4136 Tem
626 4061 729 4138 Vtri.
882 4091 887 4100 “
925 4059 1001 4137 Du
1106 4065 1112 4074 '
1200 4057 1302 4153 Q·
