3242 4609
388 293 391 298 ⁵
441 351 1145 472 sennenn-tnusntnos,¹
1239 367 1309 460 lli
1364 313 1384 344 ’“

256 511 348 604 rare.
398 525 498 600 Deus
518 545 595 597 non
612 522 715 596 estin
733 523 821 602 loco
839 575 852 614 ,
877 521 936 595 sed
961 521 1011 598 est
1026 525 1142 599 virtus
1163 546 1310 623 arcana,
1351 573 1354 580 ·

255 633 292 704 &
309 625 525 714 ineffabilis,
553 625 586 695 ἃ
608 621 801 696 invisibilis.
853 621 890 693 Si
915 638 1033 698 autem
1054 624 1153 697 Deus
1169 648 1245 702 non
1261 628 1312 704 est

253 730 294 802 in
306 727 476 819 loco,=&
493 724 683 814 aliquando
700 735 818 794 tamen
834 721 917 793 Deo
936 726 1219 817 appropinquare
1230 727 1310 820 pos-
1349 817 1351 822 ,

255 828 396 916 sunaus,
422 825 550 913 utique.
569 842 631 917 per
655 821 713 913 id,
741 820 839 935 quod
860 822 895 893 in
914 823 1020 894 nobis
1045 821 1096 896 est
1115 826 1310 921 invilibile,
1418 855 1420 860 ¹

255 926 668 1019 ipsrappropinquamun
719 921 816 1019 Quid
837 940 950 1012 porro
970 923 1132 997 innubis
1155 927 1206 998 est
1222 928 1315 1000 invi·
1348 939 1350 944 '
1383 956 1394 1016 χ
1431 917 1433 922 ’

255 1028 377 1116 flbile,
410 1023 481 1095 nili·
498 1022 663 1093 occultus
689 1021 807 1116 ‘cordis
832 1018 943 1092 homo
962 1042 1114 1112 ,quem
1137 1022 1315 1119 scriptura
1388 1019 1392 1038 '

257 1132 442 1195 interturem
466 1124 623 1191 hominem
636 1118 872 1194 nominavit?
906 1118 1020 1212 Hujus
1041 1141 1128 1219 ergo
1150 1122 1228 1216 est,
1254 1144 1330 1217 {tp-1-

257 1226 501 1319 propinquare
515 1221 626 1293 tDeO.
689 1217 873 1293 Possumus
895 1221 1000 1293 etiam
1028 1225 1314 1317 appropinquare
1402 1305 1405 1311 ,

260 1346 326 1419 per
358 1321 473 1416 Jesum
507 1318 707 1412 Christum,
739 1315 928 1412 presertim
962 1319 987 1393 fi
1017 1316 1317 1417 intellexerimus,

259 1422 439 1496 Christum
461 1418 528 1494 else
550 1418 739 1510 justitiam,
765 1418 982 1510 veritatem,
1008 1419 1236 1516 sapientiam,
1262 1446 1317 1496 re·

261 1519 540 1612 surre'ilionem,
568 1520 602 1590 ue
623 1520 738 1592 lucem
760 1539 895 1591 veram.
920 1518 1035 1593 ·Nam
1055 1520 1126 1593 fine
1144 1523 1196 1594 his
1217 1524 1320 1595 mini·
1428 1593 1430 1598 .

262 1645 325 1695 me·
341 1620 520 1715 poll'umus
542 1618 626 1691 Deo
650 1620 957 1711 appropinquare,
984 1618 1125 1710 sednec
1143 1621 1214 1695 fine
1229 1644 1318 1715 pace

260 1730 329 1794 co‘r
343 1720 623 1815 &cogitationes
638 1719 882 1794 custodiente,
908 1739 984 1809 quae
997 1711 1065 1811 pax
1082 1718 1132 1791 est
1147 1719 1316 1798 Christus.

262 1824 447 1920 Quantum
469 1835 585 1896 autem
608 1821 684 1907 quis
703 1817 773 1890 istis
786 1816 1008 1911 destituitur,
1032 1819 1331 1914 justitiainquam¹
1384 1841 1387 1848 ·

254 1920 297 1994 ἃ
320 1918 506 2011 sapientia,
533 1917 752 2004 tantumdem
766 1930 927 2012 remotus
943 1916 994 1990 est
1011 1939 1030 1990 a
1045 1917 1142 1994 Deo.

258 2055 262 2060 -
341 2026 448 2091 Intret
462 2019 624 2112 pillulariu
645 2043 709 2087 mea
728 2026 765 2086 in
781 2016 938 2111 conspetlu
954 2037 1007 2087 tuo
1029 2024 1188 2103 Domine,
1212 2019 1322 2105 secun-
1391 2027 1413 2058 ¹·

254 2123 339 2191 dum
358 2125 512 2215 eloquium
538 2133 628 2184 tuum
650 2124 732 2208 eripe
751 2143 816 2207 me,
842 2116 927 2207 (Μ
965 2116 1110 2211 Rogat,
1147 2133 1189 2189 ut
1210 2119 1324 2190 istius·
1405 2175 1408 2184 .

250 2218 366 2296 modi
385 2216 576 2309 postulatio
605 2216 645 2287 sit
668 2218 840 2308 probata,
869 2214 970 2288 firma
987 2215 1021 2287 &
1038 2211 1323 2309 imeprehenfibi·
1444 2301 1445 2304 Ἴ

249 2321 330 2404 lis,
357 2319 425 2408 ita,
452 2332 493 2386 ut
507 2316 619 2386 intret
633 2319 667 2386 in
688 2315 879 2407 conspeetu
890 2316 1049 2390 Domini.
1101 2314 1325 2411 Cognoscam

254 2433 408 2505 autem,
427 2427 554 2486 'utrum
571 2414 762 2506 postulatio
778 2438 856 2488 mea
871 2416 1061 2487 intraverit
1076 2416 1118 2488 in·
1130 2415 1321 2507 conspeetu

260 2539 360 2608 tue,
388 2517 410 2587 si
435 2514 624 2587 secundum
650 2517 799 2587 verbum
827 2514 1160 2606 &postulationem
1182 2538 1295 2589 meam
1306 2568 1325 2608 „

262 2639 311 2694 ac
330 2615 532 2706 sapientiam
556 2630 651 2688 tuam
673 2637 692 2685 a
716 2630 755 2685 te.
770 2614 939 2686 liberatus
959 2613 1076 2689 fuero.
1131 2615 1204 2711 Qui
1228 2619 1321 2690 enim

264 2720 435 2791 omnibus
463 2712 648 2786 affesllbus
673 2713 833 2809 superior
860 2712 991 2805 evasit,
1018 2714 1051 2786 lit
1076 2715 1184 2809 longe
1202 2716 1324 2787 admo-

263 2820 352 2890 dum
371 2816 414 2885 ab
434 2815 550 2884 inutili
566 2815 697 2890 malitia
713 2811 874 2887 remotus
894 2811 971 2903 est,
998 2812 1027 2884 is
1051 2833 1071 2884 a
1094 2813 1181 2908 Deo
1198 2812 1324 2887 secun·

265 2918 353 2990 dum
373 2916 553 3003 eloquium
569 2916 643 3005 ejus
662 2915 835 2994 liberatus¹
849 2910 909 2985 est.
960 2910 1137 2998 Ceterum
1151 2933 1220 3005 pro
1228 2914 1327 3008 pollu-
1407 2985 1409 2990 .

265 3021 349 3089 latio
372 3039 437 3084 mea
458 3013 589 3102 Aquila
609 3014 749 3103 quidem
781 3014 947 3106 deprecatio
969 3036 1058 3097 mea,
1091 3012 1324 3104 Symmachus

265 3135 363 3189 vero
388 3114 552 3198 oller-ratio
577 3137 642 3181 mea
669 3112 843 3184 dixerunt.
903 3110 991 3182 Duo
1017 3112 1124 3206 igitur
1146 3112 1324 3205 postulat,
1414 3153 1418 3159 -

264 3211 539 3307 intelligentiam
556 3206 736 3284 sacrorum
747 3211 996 3304 eloquiorum,
1024 3210 1324 3285 &liberationem

267 3336 312 3388 ac
328 3313 527 3384 libertatem
546 3313 588 3383 ab
610 3310 714 3401 hujus
726 3310 809 3382 vitae
823 3309 939 3384 malis:
965 3309 1201 3403 quodutique
1217 3312 1324 3388 nobis

266 3411 495 3491 necessarium
512 3407 572 3483 est.
773 3421 776 3426 ⁴

348 3508 553 3583 Eruslnbuitt
568 3508 652 3578 labia
669 3532 734 3577 mea
746 3508 918 3601 hymnum,
942 3505 1011 3577 cum
1024 3508 1160 3579 docueris
1175 3533 1221 3581 me
1231 3509 1326 3604 justi·

262 3618 431 3710 ficationes
458 3626 550 3692 tuas,
580 3608 666 3699 ste]
702 3605 888 3681 Erusiatio
921 3623 963 3677 ut
984 3607 1172 3697 plurimum
1197 3608 1328 3680 accidit

271 3711 446 3791 saturatis.
506 3707 564 3778 Sic
590 3708 682 3780 enim
709 3708 859 3803 repleti,
895 3703 1091 3778 erusiamus
1123 3708 1329 3796 qualitatem
1406 3793 1408 3798 Ι

273 3812 367 3903 cibi,
402 3828 506 3898 quem
533 3803 720 3880 sumfimus.
769 3804 893 3878 Novit
915 3805 1024 3899 igitur
1049 3804 1190 3879 divinus
1213 3805 1330 3879 sermo
1403 3809 1408 3826 '

272 3913 392 3986 eibum
409 3907 615 4001 spiritalem:
640 3902 1025 3998 namipsum.Verbum
1039 3900 1112 3997 att,
1136 3902 1170 3976 se
1188 3902 1332 3997 eliepa·
1438 3919 1443 3928 “

273 4015 378 4096 nem:
405 4008 469 4107 Ege
481 4009 552 4100 sum
565 4011 659 4107 panis
674 4013 791 4090 vivus,
818 4006 919 4101 quide
941 4007 1010 4100 telo
1025 4006 1188 4099 deflendi:
1213 4004 1237 4099 fi
1260 4012 1333 4099 quis

739 4102 854 4200 Ees
1159 4103 1308 4175 manlu-
