3242 4609
260 287 321 401 ‚⁶⁶
441 274 481 288 ’·
541 210 1064 354 exorientia.
1139 375 1141 380 ,

272 419 333 526 nia
352 436 554 516 Gentilium
573 436 620 511 de
640 413 765 554 sentiit
779 439 998 532 martyribus
1015 435 1050 512 ἁ
1070 433 1335 520 aonftss'oribur

276 541 402 636 aptari.
451 534 691 615 Confide'rant
707 538 805 614 enirn
825 539 925 633 impii
943 533 1193 633 persecutores
1209 541 1339 610 unum·

277 657 458 737 quemque
465 635 661 730 justorum,
688 636 900 728 &querunt
911 633 1130 720 mortificare
1144 655 1240 712 eum.
1267 631 1340 708 Sed
1392 639 1396 684 ³

276 758 326 815 me
341 738 504 814 securum
519 735 647 810 reddat
662 737 761 832 pacis
777 749 944 829 tempore
961 733 1026 810 ista
1038 733 1118 810 talia
1136 733 1340 830 expofitio,
1394 763 1396 778 ¹

277 849 487 928 memento,
513 835 596 928 quia
610 833 860 927 quotidinaum
877 835 988 910 habet
998 831 1109 928 justus
1130 832 1342 928 persecuto·
1394 825 1396 904 ἔ

276 955 355 1010 rem
370 934 574 1026 diabolum,
601 932 712 1007 &ille
727 929 801 1027 est,
826 935 887 1028 qui
901 930 1255 1026 conlideratjtstum.
1281 931 1341 1008 ln·
1393 931 1397 1040 ζ

277 1033 422 1111 fidiatur
436 1030 702 1128 entmlemper,
726 1032 1087 1130 &ficutleorugiena
1100 1034 1228 1106 circuit
1241 1051 1341 1126 que-
1394 1099 1396 1104 .

249 1143 252 1156 '
277 1152 386 1223 rens,
412 1151 520 1224 quem
543 1143 764 1208 transvoret.
816 1132 886 1206 Sed
912 1131 935 1207 sn
960 1127 1034 1208 tide
1058 1133 1188 1226 plenus
1213 1151 1278 1226 ea,
1304 1131 1341 1207 dr

279 1228 436 1306 confidis
454 1234 492 1304 in
507 1230 694 1322 Domino,
718 1229 825 1327 vide,
851 1231 936 1325 quid
952 1232 1243 1326 repromittatur:
1273 1235 1341 1306 Do·
1394 1303 1397 1312 .

279 1336 385 1405 minus
407 1350 511 1403 nutem
532 1354 599 1402 nou
618 1331 900 1429 derelinquentem
914 1336 953 1404 in
978 1334 1119 1410 wtt'hus
1136 1334 1229 1430 ejas,
1254 1349 1343 1428 pec·

280 1431 417 1505 catoris
439 1428 602 1522 scilicet,
642 1454 699 1502 nec
724 1432 890 1504 damnabit
915 1453 983 1504 eum
996 1447 1012 1521 ,·'
1047 1455 1118 1503 eum
1144 1431 1342 1528 judicabitur

280 1531 341 1604 ili.
391 1530 597 1623 Dupliciter
619 1530 790 1629 intelligit
806 1531 901 1624 hoc,
927 1529 1035 1623 quod·
1052 1530 1343 1702 &tegamini

281 1631 332 1703 idi
345 1673 358 1706 ,
380 1627 418 1702 id
444 1623 514 1710 est,
540 1627 615 1701 live
641 1647 724 1708 cum
744 1629 926 1723 judicatur
944 1626 1057 1723 justus
1082 1649 1103 1702 a
1165 1649 1243 1724 eo,
1268 1629 1344 1706 sive

281 1726 365 1802 cnm
374 1724 448 1820 ipse
459 1725 561 1800 Deus
568 1725 747 1819 judicatur
762 1749 843 1803 cum
851 1727 959 1822 justo.
1008 1727 1233 1820 Frequenter
1244 1731 1345 1806 enim

186 1915 189 1920 ¹
281 1827 407 1901 divina
428 1824 598 1921 scriptura
616 1826 756 1922 docet,
781 1828 859 1904 huc
877 1824 980 1921 ¹fieri,
1005 1828 1153 1921 dicens,
1179 1825 1261 1922 q'uia
1282 1831 1345 1922 ipse

284 1929 448 1999 Dominus
476 1929 516 1995 in
539 1927 694 2021 judicium
718 1934 858 2003 veniet..
902 1925 994 2003 Cum
1017 1947 1105 2024 ergo
1122 1927 1344 2021 judicabitur

277 2022 393 2124 justua
412 2043 495 2098 cum
521 2022 715 2120 Domino,
746 2045 826 2102 non
851 2028 1173 2121 condemnabitur,
1203 2025 1344 2102 &ideo

219 2175 223 2196 ,
254 2132 259 2144 ’
283 2125 398 2202 dicit:
422 2121 578 2224 Etsptiia
598 2130 799 2198 Dominum:
828 2126 866 2200 id
885 2123 964 2219 est,
994 2124 1235 2210 intitulatis,
1260 2126 1344 2204 stin

283 2221 1345 2422 itiiinstit?‘itttiliintltitiuttt

242 2443 244 2448 ’
285 2421 332 2497 ad
354 2420 535 2499 sinistram.
585 2423 620 2497 si
645 2425 742 2499 enim
755 2424 1063 2500 indeclinabiliter
1087 2420 1345 2518 exspectaveris

284 2521 514 2615 Dominum,
540 2522 741 2618 adipisceris
763 2523 874 2604 illud,
899 2523 1000 2615 quod
1018 2522 1197 2616 sequitur:
1229 2523 1279 2598 Er
1294 2551 1346 2598 ex·

273 2621 466 2711 terrebere,
493 2624 1006 2716 inquinamentorum.
1055 2621 1280 2716 Frequenter
1293 2627 1346 2700 di·

282 2724 404 2799 trimus
422 2722 466 2797 de
485 2737 582 2796 terra
596 2722 729 2811 santia,
756 2725 790 2794 dr
809 2724 855 2800 de
869 2735 987 2815 terra,
1012 2741 1090 2814 quae
1106 2723 1143 2795 in
1160 2723 1345 2798 heredita·

287 2835 364 2897 tem
389 2820 659 2917 promiiiionum
684 2819 878 2896 coelestium
904 2822 1136 2908 nominatur,
1162 2822 1261 2913 cujua
1284 2845 1347 2898 na·

287 2933 378 2994 turne
405 2921 512 2993 etiam
533 2920 617 2993 situs
640 2922 750 3011 paulo
773 2918 979 2993 evidentius
1006 2921 1045 2992 in
1068 2921 1142 2994 hoc
1166 2920 1344 2996 versiculo

286 3019 498 3115 designatur.
559 3019 662 3092 Nam
676 3017 740 3092 ista
759 3031 886 3109 terra,
919 3021 958 3092 in
978 3038 1048 3112 qua
1064 3037 1162 3093 nunc
1186 3013 1344 3096 uiuimus

287 3115 454 3192 deorsum
468 3115 700 3210 eiiedicitur,
724 3114 1036 3211 secundumillud,
1062 3120 1161 3212 quod
1175 3117 1345 3214 teriptum

288 3217 360 3292 ostt
386 3221 476 3290 Deua
495 3235 601 3289 nutem
617 3221 654 3287 in
673 3218 742 3289 celo
757 3215 901 3312 faustam,
927 3234 963 3290 tu
979 3234 1084 3290 autem
1098 3222 1136 3290 in
1153 3234 1241 3292 terra
1260 3220 1346 3293 dm-

283 3319 368 3408 sam.
418 3315 482 3390 Illa
506 3329 625 3392 antem
650 3329 766 3410 terra,
798 3338 876 3410 quae
901 3319 940 3391 in
967 3317 1214 3396 hereditatem
1242 3317 1345 3412 iustis

287 3417 537 3512 promittitur,
562 3437 640 3489 non
658 3415 848 3510 deorsum,
873 3415 933 3492 sed
956 3415 1085 3491 sarsum
1104 3415 1174 3491 eise
1195 3421 1346 3513 promit-

288 3517 389 3592 titur.
439 3514 635 3611 Propterea
654 3516 820 3610 adeum,
851 3517 911 3608 qui
929 3512 1106 3607 exspectat
1121 3517 1342 3611 Dominum,

290 3614 327 3691 dt
342 3613 499 3689 custodit
514 3618 608 3716 viam
618 3616 728 3709 ejus,
755 3617 805 3689 ait
821 3613 1099 3710 repromiffionit
1115 3613 1248 3691 sermo:
1276 3619 1346 3692 Ea·

289 3715 404 3788 nitebit
420 3725 473 3806 ta,
497 3731 535 3785 ut
556 3718 718 3786 hereditas
732 3731 860 3786 terrain.
910 3712 987 3787 Nisr
1003 3715 1099 3789 enim
1118 3715 1197 3806 quit
1212 3720 1346 3791 exalte·

289 3809 371 3909 our,
397 3814 431 3887 dc
453 3812 618 3888 ascendat
633 3815 671 3887 in
694 3816 806 3888 alteim
829 3810 1241 3910 deliniamentum,
1265 3835 1346 3892 non
1386 3866 1388 3870 -

289 3913 413 4013 potest
426 3912 671 3991 hereditatem
686 3925 791 3990 terre
802 3913 896 3990 illiua
917 3911 1100 4007 consequi.
1150 3911 1345 4092 ῦηιάῐῖρςο
