3242 4609
284 360 334 448 ιι
551 343 644 428 nx
693 343 1073 442 orrannu-

288 509 342 590 est
357 522 506 607 putare,
532 511 594 584 nisr
613 511 820 608 discipulum
842 513 944 606 justi,
975 516 1036 606 qui
1051 510 1217 607 suscepto
1234 509 1279 608 ab
1295 527 1336 594 eo

288 615 395 686 verbi
424 612 492 682 liei
518 608 676 705 semine,
711 613 891 688 advitam
924 627 1114 708 generatur
1145 603 1336 688 aeturnami

287 709 406 785 Verbi
428 714 563 806 gratia,
588 715 613 785 ii
636 717 861 790 orationibus
883 715 1007 794 vostris
1028 731 1190 796 mererer¹
1204 707 1276 789 effe
1293 712 1337 802 ju·

290 807 379 899 ssus,
394 814 428 881 tt
443 813 607 903 accipere
623 833 643 886 a
658 814 820 890 Domino
833 819 975 908 gratiam
988 815 1023 886 in
1034 813 1150 884 verbo
1165 809 1339 906 sapientia

290 909 326 982 ἃ
340 908 564 990 ferentinum
580 927 620 984 ut
633 913 767 1003 poss‘em
784 915 975 988 secundum
986 907 1333 1004 armantquamips,

276 1028 316 1106 ¹a
332 1008 498 1110 Domino
518 1009 737 1104 meotidem,
764 1017 871 1088 vobis
889 1036 1034 1105 quoque
1051 1006 1247 1094 ministrare
1267 1027 1340 1098 ver·

289 1107 378 1184 buu
390 1107 482 1182 ner,
510 1106 671 1186 &serere
686 1116 771 1189 iilud
784 1118 820 1187 in
838 1116 1019 1187 animabus
1030 1108 1171 1196 vostrist
1198 1121 1274 1184 tum
1290 1112 1341 1182 da

291 1206 378 1284 inde
405 1205 573 1301 ingrtss'us
596 1205 711 1298 sermo
739 1216 863 1288 Deiin
886 1208 1193 1288 animaverint,
1226 1207 1256 1280 dr
1280 1207 1342 1284 ho·

290 1325 377 1384 rens
397 1309 432 1377 in
453 1311 564 1380 corde
586 1311 705 1390 vestro
723 1313 894 1388 formaret
912 1326 1052 1386 mentes
1074 1305 1207 1382 vestras
1228 1305 1342 1382 secun·

291 1404 379 1479 dum
402 1404 554 1498 specum
583 1415 684 1496 verbi
709 1414 836 1504 ipsrur,
862 1413 898 1486 id
924 1410 989 1485 est·
1020 1423 1062 1481 ut
1089 1410 1159 1484 boc
1182 1407 1342 1500 velient,

293 1503 329 1578 dr
349 1513 421 1593 not
441 1505 613 1597 ageretis,
640 1513 738 1602 quod
757 1515 905 1588 verbum
923 1511 993 1586 Dei
1015 1506 1171 1594 vutt‚.&
1196 1527 1261 1606 per
1277 1508 1342 1582 hot

232 1643 235 1650 ·
292 1605 368 1696 ipre
389 1602 546 1676 Christus
567 1605 781 1687 formaretur
800 1614 835 1688 in
859 1613 984 1686 vobis:
1010 1624 1098 1690 tunc
1123 1626 1211 1694 vere
1235 1599 1342 1682 effice·

293 1702 421 1776 remini
444 1699 562 1776 semen
584 1709 694 1804 justi,
732 1714 829 1806 quod
854 1731 928 1783 non
957 1711 1082 1800 quaerit
1107 1725 1261 1799 panem,
1295 1710 1342 1802 ha

187 1835 190 1842 ·
294 1801 426 1876 bentes
447 1801 583 1878 scilicet
603 1813 641 1883 in
659 1810 770 1884 vobit'
785 1811 923 1903 semper
940 1829 1066 1902 panem
1083 1807 1202 1884 ilium,
1228 1803 1342 1896 quide

294 1902 390 1971 coelo
416 1899 609 1983 deicendit.
662 1910 774 2006 Quod
808 1909 830 1983 ir
859 1907 1074 2003 respondeas
1104 1903 1212 1997 milri,
1238 1905 1273 1977 dt
1304 1903 1341 1978 di·

295 2017 382 2071 cas:
408 2018 530 2088 quanti
554 2009 741 2082 audierunt
773 2007 967 2083 Petrum&
992 2006 1158 2085 Paulum,
1198 2006 1257 2094 qui
1285 2003 1341 2076 uti

295 2117 365 2190 qtte
381 2118 485 2171 erant
497 2102 662 2197 juiir'ffimi
683 2107 870 2196 dostores,
898 2107 1066 2180 &tamen
1089 2116 1341 2198 peccaverunt¹

294 2197 329 2269 dr
355 2215 542 2289 quomodo
574 2229 662 2304 ergo
683 2209 753 2285 iem
777 2229 801 2280 n
822 2205 902 2304 justi
927 2199 1119 2278 dicentur?
1152 2202 1221 2276 Sed
1247 2201 1341 2298 vide,

290 2315 343 2373 ne
369 2297 465 2371 forte
488 2302 577 2379 sicut
597 2328 673 2379 non
695 2329 845 2396 omnes,
882 2310 939 2397 qui
967 2326 1010 2382 ex
1037 2303 1216 2374 Abrabam
1249 2301 1341 2394 sunt,

294 2411 402 2469 enam
426 2398 543 2478 semen
571 2408 750 2482 Abraham
769 2408 961 2483 dicuntur,
988 2405 1116 2494 quibus
1137 2402 1289 2475 dicitur:
1314 2404 1341 2474 S÷

285 2497 358 2590 fiiri
384 2499 541 2574 Abrabam
575 2509 694 2602 effetis,
729 2531 817 2598 opera
851 2529 961 2588 unque
990 2503 1150 2575 Abnham
1178 2502 1340 2592 fatereris.

294 2597 346 2670 ita
363 2599 470 2676 etiam
489 2606 565 2696 ilii,
599 2611 658 2700 qui
684 2606 870 2680 audierunt
897 2604 1039 2676 Petrum
1062 2601 1094 2674 dt
1114 2600 1286 2684 Paulum,
1320 2599 1340 2674 d

294 2714 374 2770 non
391 2696 576 2797 fecerunt,
604 2729 680 2797 quae
701 2708 873 2778 docuerat
892 2705 1014 2776 Petrus
1030 2704 1088 2775 vel
1103 2699 1251 2793 Paulus,
1264 2720 1340 2774 mor

297 2809 400 2866 eraut
413 2799 531 2874 iemen
552 2823 698 2882 eorum,
723 2807 804 2895 quia
822 2802 981 2894 suscepta
999 2803 1041 2875 ab
1063 2802 1115 2872 eis
1135 2801 1236 2873 verbi
1258 2797 1340 2876 serni

292 2909 368 2983 na,
402 2902 583 2974 exanima
608 2902 667 2975 sna
694 2905 796 2976 vciut
822 2903 1016 2975 abortione
1039 2898 1187 2993 quadam
1219 2899 1339 2992 abjece

295 3007 382 3066 runt
403 2995 436 3068 dr
458 2996 676 3078 effuderunt.
730 2999 951 3091 Denique&
975 3000 1011 3072 in
1035 3001 1107 3074 hoc
1123 2996 1201 3092 ipso
1219 2999 1340 3096 psalm<

297 3090 387 3164 dicit
402 3096 473 3168 alio
498 3099 603 3177 ioco:
628 3105 741 3174 Semm
764 3111 929 3196 impiorum
945 3098 1220 3170 externumbuur.
1273 3096 1339 3174 Cei

298 3204 376 3264 turn
390 3192 440 3266 est
459 3213 600 3292 autem,
627 3202 707 3293 quia
721 3202 912 3296 impiorum
930 3198 1048 3273 sumen
1070 3197 1260 3292 corporale
1277 3211 1339 3271 ¹nor

297 3296 602 3392 exterminabitur.
653 3302 724 3397 Job
741 3301 896 3391 denique
914 3298 1031 3373 semen
1050 3295 1138 3369 Esau
1155 3294 1339 3372 semanim

195 3443 198 3452 .
297 3392 347 3486 pii
369 3406 470 3478 erat,
506 3395 686 3492 &utique
712 3420 790 3472 non
810 3400 1092 3483 exterminatur,
1124 3395 1183 3470 sed
1210 3393 1339 3470 manife

295 3489 406 3584 status
426 3493 477 3568 est
491 3495 600 3583 iustus
617 3520 636 3575 a
655 3499 840 3587 Domino,
867 3499 900 3571 dr
917 3498 1096 3591 propheta
1113 3492 1183 3568 ess'e
1199 3491 1339 3570 ostendi

298 3603 377 3682 tur,
404 3585 476 3665 &a
501 3595 586 3671 Deo
606 3597 709 3694 supra
734 3618 862 3671 omnes
885 3595 999 3692 justos
1024 3595 1219 3668 collaudari
1242 3612 1338 3667 mere

297 3702 368 3766 tur.
419 3690 571 3768 Sedhoc
587 3696 660 3790 est,
686 3694 956 3790 quodsnperius
973 3696 1145 3774 diximus,
1171 3692 1338 3780 uuiaficu

297 3789 418 3863 semen
436 3791 514 3881 justi
533 3795 648 3869 sermo
666 3795 699 3869 dr
717 3792 877 3868 doetrina
896 3797 970 3886 ejus
987 3793 1060 3884 est,
1086 3794 1144 3884 qui
1166 3789 1281 3866 sermo
1305 3794 1338 3866 it

201 3958 204 3965 Α
296 3887 409 3983 pascit
434 3890 600 3966 &reficit
622 3896 773 3979 animas,
798 3908 839 3965 ut
857 3908 1034 3989 negentur
1047 3894 1198 3989 panibus
1222 3892 1338 3987 indige

296 4007 361 4070 re,
394 3997 476 4084 quia
492 3989 650 4072 Christus
673 3997 775 4093 panis
804 4015 932 4070 eorum
953 3990 1032 4069 est:
1068 3994 1117 4069 ita
1143 3994 1338 4166 εεᾱοιιὲῐῖιίι

1201 4109 1226 4164 o
