3242 4609
272 299 321 390 9⁸
466 225 1166 359 r'nxonronnr-<

271 445 476 544 loquamur.
524 439 704 535 Vuitnotj
720 441 795 519 eii'e
812 440 909 520 filios
924 441 1020 542 Dei}
1034 451 1038 476 ³
1048 453 1091 520 ut
1108 431 1352 530 consortet'&

275 545 488 634 coheredes
507 541 702 620 efficiamur
718 539 785 620 filii
799 543 893 638 Dei,
920 537 1151 643 edicamus,
1169 547 1261 642 ficut
1275 548 1350 644 ipse
1390 547 1392 558 ’

275 649 385 725 dixit:
413 648 510 719 Pater
525 644 608 736 scio,
633 651 709 744 quia
725 644 844 742 semper
858 646 1023 719 mercdis.
1065 646 1235 743 ‘StimuQ
1263 645 1349 742 quit

201 769 219 786 ’·
278 747 369 824 dixit
391 745 436 822 td
459 765 530 818 nos
551 743 681 820 Deus:
710 745 774 842 Ego
790 746 890 838 dxii,
915 747 963 817 dir·
984 745 1074 846 eflis,
1100 746 1138 826 (5
1150 749 1223 842 fiiri
1245 747 1356 848 cxcess·

276 862 409 938 omnes„
445 841 516 918 Sed
536 863 607 919 noe
621 857 689 940 pro
704 845 842 920 meritis
858 843 990 926 nostrie
1007 847 1096 922 iliud
1114 849 1246 944 magis,
1273 863 1350 942 quo

276 946 376 1045 digni
398 941 541 1046 surmts',
567 943 754 1037 &equod
775 939 964 1041 sequitur,
990 946 1253 1048 eripetirmue:
1285 951 1351 1022 Vos

226 1109 230 1140 ,
276 1056 355 1221 ’ἔξω
372 1047 455 1219 iim
474 1045 616 1119 homines
636 1047 817 1118 moriemini
828 1094 842 1159 ’.
853 1045 904 1127 U
919 1047 1005 1148 ficet
1023 1073 1110 1164 umus
1131 1073 1170 1120 ex
1190 1053 1351 1148 principi·

319 1172 388 1221 sca
409 1163 481 1220 etis.
1345 1167 1348 1178 ·

280 1345 374 1425 Cum
394 1347 621 1442 criminarer,
646 1345 681 1421 dr
702 1348 822 1422 vicem
840 1348 1110 1423 criminantibus
1128 1367 1205 1422 non
1222 1349 1352 1425 redde·

278 1467 380 1543 rem,
406 1449 482 1523 haec
499 1446 682 1524 dicebam:
696 1445 746 1524 Si
763 1450 884 1521 reddidi
897 1448 1146 1520 retribuentibus
1156 1449 1240 1520 milri
1251 1452 1349 1540 maia,

279 1550 408 1642 utique
430 1546 657 1640 derelinquar
681 1568 702 1621 a
722 1547 839 1644 Deo,
864 1549 900 1622 &
922 1545 1111 1650 derelidut
1137 1547 1261 1624 cadam
1284 1571 1350 1624 ne·

280 1647 376 1723 ceise
401 1643 462 1722 est.
524 1642 616 1723 Cum
640 1661 761 1723 autem
784 1648 983 1737 cecidero,
1016 1647 1236 1722 insultabunt
1259 1650 1350 1724 mihi

280 1749 419 1822 inimici
435 1746 518 1824 rnei.
570 1745 713 1823 sivero
732 1769 810 1823 non
824 1748 1018 1829 reddidero
1035 1748 1127 1823 mala
1142 1767 1211 1841 pro
1232 1750 1349 1838 malis,

280 1843 343 1923 sed
369 1848 455 1921 Deo
475 1847 704 1946 dereliquero
718 1849 913 1941 judicium,
940 1852 985 1922 ab
1007 1845 1086 1939 ipso
1107 1847 1247 1940 edJ'utus
1268 1867 1350 1923 non

184 2033 193 2058 Ι
281 1946 469 2027 decidam,
495 1945 556 2021 sed
573 1944 675 2024 stabo
693 1947 859 2043 fortiter,
873 1947 919 2022 δι
934 1969 1012 2022 non
1027 1945 1249 2021 insultabunt
1261 1949 1349 2026 mihi

282 2043 521 2123 inimici‘mei.
574 2047 660 2122 Dixi
675 2050 783 2124 etiam
795 2049 891 2122 hoc:
918 2051 1007 2121 Dum
1021 2064 1350 2147 commoverenturpe·

284 2150 336 2221 der
351 2153 412 2221 me'r'
419 2201 430 2236 ‚
454 2154 491 2219 in
505 2173 553 2219 mc
568 2173 682 2244 magno
697 2152 797 2222 locuti
805 2152 897 2240 lunt.
949 2147 1131 2246 Quamdiu
1145 2144 1281 2222 stetero
1297 2150 1351 2222 in·

283 2247 447 2343 trepidus
468 2248 502 2323 δι
520 2249 740 2346 immobilis,
765 2245 844 2323 n'on
861 2251 1058 2342 loquentur
1075 2267 1203 2343 mrgnc
1220 2262 1352 2323 contrt

195 2437 198 2446 Ι
284 2359 344 2424 me
356 2349 491 2422 inimici
506 2350 596 2444 mei,
610 2369 688 2424 non
700 2353 797 2424 enim
812 2349 969 2442 habent,
996 2347 1095 2440 quod
1109 2347 1242 2421 dicant.
1276 2345 1352 2424 Sta·

285 2451 514 2530 timentem,
539 2462 582 2522 ut
602 2450 861 2545 trepidavero,
886 2469 963 2522 non
985 2447 1121 2538 dicam,
1155 2446 1350 2528 cecidero,

284 2547 401 2625 statim
418 2550 594 2647 incipient
611 2551 849 2646 exprobrare,
877 2548 1061 2622 dedicere:
1086 2544 1202 2622 Vides
1220 2547 1349 2621 hunc?

283 2645 384 2724 Ecce
407 2648 532 2745 &ipse
557 2648 642 2741 quid
665 2647 785 2723 fecit?
819 2644 970 2723 Etcum
989 2647 1066 2719 haec
1085 2646 1258 2741 docent„
1278 2648 1351 2743 agit

284 2752 374 2841 alia,
402 2750 583 2822 contraria
605 2751 700 2822 enim
716 2767 866 2836 eorum,
890 2767 969 2840 quae
993 2748 1129 2837 docet,
1157 2747 1240 2841 egit.
1289 2743 1349 2820 liti

284 2870 373 2945 ergo
388 2849 459 2922 ta'ie
478 2847 563 2941 quid
583 2841 727 2940 dicant,
754 2843 897 2919 neceffe
916 2843 986 2918 est:
1013 2847 1347 2918 Dumcommoventur

307 2952 372 3019 edes
397 2952 481 3034 mei,
508 2947 602 3045 super
627 2970 673 3016 me
693 2969 806 3041 magno
833 2946 931 3016 locuti
951 2945 1039 3031 [uni.
1098 2942 1204 3019 Alius
1225 2959 1347 3020 tutem

279 2969 360 3122 inc
377 3049 529 3140 melior,
555 3059 727 3139 quantum
743 3045 788 3120 ad
802 3044 974 3141 personae
995 3045 1175 3140 pertinet,
1200 3065 1280 3137 quae
1294 3048 1347 3118 in·-

285 3145 466 3220 ducuntur
488 3168 507 3219 a
533 3145 745 3241 prophetis,
779 3146 840 3219 vei
869 3144 951 3240 ipsae
971 3145 1034 3219 fibi
1067 3159 1346 3239 comparantur,

256 3241 271 3248 ’
283 3247 372 3320 illud
388 3246 491 3320 dicit:
519 3251 591 3317 Mei
606 3263 713 3319 autem
722 3248 817 3344 paulo
829 3270 934 3343 mrnur
944 3245 1113 3334 motifimt
1124 3247 1223 3340 pedes.
1248 3246 1348 3318 iliius

285 3346 430 3438 quidem
455 3349 547 3418 moti
572 3345 653 3420 sunt
680 3346 821 3441 pedes,
853 3349 924 3420 mei
950 3360 1071 3419 autem
1098 3346 1208 3439 paulo
1230 3348 1348 3418 minus

282 3449 376 3519 moti
402 3444 493 3519 sunt.
545 3443 709 3520 Fortassis
731 3457 852 3522 autem
875 3445 917 3518 srt
942 3447 1031 3518 aliut
1059 3444 1209 3535 aliquis,
1244 3446 1342 3537 cuius

282 3564 354 3617 nec
370 3566 493 3638 parum
504 3543 668 3639 quidem,
682 3566 753 3619 nec
765 3547 875 3639 paulo
888 3545 1004 3619 minus
1020 3546 1112 3618 moti
1126 3543 1207 3624 sunt
1217 3544 1343 3638 pedes,

281 3644 392 3737 illius,
412 3645 560 3739 opinor,
576 3645 635 3736 qui
649 3646 754 3719 dicit:
771 3649 904 3717 Statuit
909 3645 1011 3741 super¹
1017 3661 1141 3739 petram
1150 3646 1240 3743 pedes
1252 3662 1343 3714 meos.

282 3742 349 3818 llle
362 3745 451 3818 nihii
466 3742 608 3838 prorsus
623 3743 668 3815 de
684 3745 936 3819 commotione
950 3744 1081 3839 pedum
1101 3743 1262 3831 suorum,
1282 3737 1357 3821 sed¹

282 3843 329 3917 de
353 3843 542 3918 stabilitate
563 3841 722 3920 testetur.
780 3841 883 3916 Beati
909 3864 997 3940 ergo
1020 3842 1160 3931 sumus,
1191 3837 1218 3912 ii
1242 3840 1343 3912 nulle

284 3946 437 4022 omnino
458 3944 661 4023 commotio
677 3945 717 4020 in
734 3941 866 4022 nostrie
882 3943 1034 4042 pedibus
1050 3938 1255 4113 accusatura
1281 3935 1342 4013 sed
