3242 4609
345 281 348 288 '
373 210 1158 364 snLECTAmPsALMOS.
1270 312 1345 390 497

353 403 449 520 lum
454 451 591 519 Domine
605 443 769 542 cussodiom
782 451 833 517 ori
851 470 934 534 meo,
959 444 1043 542 Qu]
1068 445 1179 521 Nihil
1195 469 1260 523 cor
1274 474 1342 527 no·

272 544 386 620 strum
384 567 499 639 aeque
518 544 696 637 custodit,
722 565 764 618 ac
780 546 891 619 timor
909 546 1000 621 Dei:
1025 539 1195 640 siquidem
1208 552 1341 630 timore

272 643 346 720 Dei
366 647 535 738 quilibet
543 646 679 719 amalo
701 644 868 720 declinat.

249 751 250 760 ’
351 747 462 817 Oleum
492 761 598 817 aurem
619 749 788 860 peccatoris
813 769 880 816 non
904 746 1080 840 impinguet
1103 764 1196 845 caput
1220 774 1339 842 meum,

249 842 368 944 Ἧι]
385 844 518 919 Oleum
532 845 736 937 peccatoris
750 858 863 917 vocat
873 839 1168 939 beneficium‚q
1171 850 1246 920 uod
1262 869 1341 926 non
1410 917 1415 930 .

257 957 424 1039 propter
441 944 688 1042 cognitionem
705 943 777 1017 Dei
796 940 861 1036 fit,
886 941 946 1017 sed
969 957 1021 1016 ut
1020 947 1140 1040 gloria
1147 870 1207 1021 qab
1225 948 1341 1025 homi·
1402 955 1405 959 ’

262 1045 377 1124 nibus
395 1057 580 1137 captetur.
604 1043 678 1117 hoc
693 1045 797 1119 enirn
806 1040 879 1138 est,
904 1044 993 1116 tuba
1010 1055 1168 1142 canere,
1195 1068 1276 1123 cum
1297 1044 1341 1124 fit

260 1143 580 1236 eleemosina..

351 1246 501 1315 Cadent
488 1253 525 1313 m
533 1241 732 1348 retiaculo
704 1266 772 1339 ejus
787 1208 978 1339 peccatores,
1003 1240 1086 1338 Qu]
1111 1242 1340 1334 Retiaculurn

263 1341 355 1417 sunt
379 1346 484 1415 variae
506 1327 660 1435 poenae,
686 1363 763 1434 quae
782 1364 828 1416 err
846 1341 1031 1437 profundo
1054 1344 1196 1417 malitiae
1222 1361 1339 1419 extra·

264 1442 375 1515 hunt.
427 1441 495 1514 Sed
518 1442 606 1514 illud
627 1441 839 1515 retiaculum
857 1443 901 1515 ad
924 1442 1084 1517 futurum
1102 1445 1262 1535 pertinet
1280 1446 1339 1518 sae·

269 1543 416 1630 culum3
450 1540 632 1634 praesentis
655 1541 748 1613 vero
769 1539 884 1613 sacculi
908 1542 1119 1615 retiaculum
1138 1541 1188 1615 est
1209 1543 1339 1617 dotlri-

263 1661 318 1714 na
341 1638 558 1736 spiritalis,
573 1662 649 1733 quae
669 1631 690 1713 'a'
712 1628 783 1714 Dei
805 1643 907 1715 cultu
927 1642 1073 1714 aversos
1098 1642 1142 1715 ad
1164 1645 1338 1748 virtutem

264 1753 438 1813 revocat.
747 1770 749 1774 ¹

267 1941 1330 1971 ι-ιι-ι-ιιι-ιι--ιι--ιιιιι--ι-δ--ι-
1356 1963 1360 1982 J

421 2094 443 2114 ··
507 2076 584 2153 Ρ8
612 2077 707 2153 A'L
731 2078 776 2153 M
802 2075 888 2154 US
928 2078 1088 2159 ‘CXLL

347 2264 396 2314 oce
418 2262 485 2311 mco
505 2241 547 2311 od
564 2241 739 2312 Dominum
755 2241 910 2329 clamavi,
935 2263 1009 2313 voce
1023 2267 1090 2313 moa
1104 2244 1145 2314 od
1162 2246 1349 2316 Dominum·

372 2342 426 2437 dep
429 2356 552 2411 recatus
561 2341 653 2429 sum,
666 2340 730 2417 bc.
733 2341 1113 2441 ]Quemadmodum
1103 2344 1194 2439 rgnis
1210 2357 1339 2417 natura

269 2436 402 2515 sursum
406 2360 564 2533 prenae,
589 2442 640 2512 ita
661 2437 791 2534 &justi
809 2462 888 2513 vox
909 2440 952 2516 ad
973 2441 1171 2515 Dominum
1190 2445 1338 2536 clamat,

249 2541 309 2615 ⁸&
325 2540 593 2634 quodammodo
611 2536 751 2635 ipsum
741 2539 895 2635 invitat,
921 2553 963 2614 ut
986 2542 1159 2635 praebeat
1168 2564 1237 2637 ea,
1264 2544 1340 2635 qui·

271 2644 338 2716 bus
357 2644 435 2731 quis
459 2661 551 2733 opus
571 2640 681 2714 lrabet
700 2662 720 2712 a
742 2640 840 2716 Deo.

350 2740 554 2833 Effundam
541 2765 579 2811 m
596 2737 797 2837 conspetlu
768 2765 836 2837 ojus
847 2742 1020 2828 orationem
1036 2764 1156 2830 mam,
1181 2737 1221 2818 6
1234 2739 1338 2812 trilu-

273 2840 425 2914 lalionem
449 2862 547 2911 meam
566 2857 644 2911 ante
664 2839 764 2937 ipsum
790 2838 1012 2927 annuntiabo,
1037 2840 1120 2929 Qu]
1103 2838 1235 2939 ]Qui
1264 2837 1339 2913 sola
1390 2905 1392 2912 .

273 2959 401 3034 magna
430 2937 465 3010 δι
492 2937 646 3013 coelestla
664 2939 854 3033 postulat,
892 2938 926 3010 br
951 2938 1074 3031 spiritu
1099 2961 1205 3012 novo
1229 2953 1338 3034 orat,

276 3059 359 3111 cum
375 3035 506 3110 fiducia
524 3060 669 3133 precem
691 3040 812 3112 suram
801 3060 840 3111 rn
864 3038 1056 3133 conspeetu
1072 3040 1144 3112 Dei
1161 3037 1338 3132 effundit,

273 3136 364 3218 nihil
388 3137 488 3227 uile,
513 3138 600 3209 nihil
620 3145 725 3233 turpe
744 3135 781 3212 in
799 3134 909 3232 seipsa·
925 3138 1194 3213 continentem.
1222 3138 1340 3255 qualia

274 3236 405 3312 suntin
426 3236 593 3331 precibus
612 3256 765 3331 eorum,
791 3239 852 3330 qui
871 3238 983 3311 multa
1002 3237 1206 3331 blaterant,
1233 3239 1297 3311 bo
1287 3261 1339 3311 rn-

275 3331 381 3436 digna
400 3332 485 3408 Deo
506 3348 657 3452 petunt,
683 3336 745 3409 vel
761 3355 820 3411 eas
839 3355 916 3410 non
936 3358 957 3422 e
975 3354 1070 3458 puro
1091 3338 1203 3411 corde
1224 3332 1339 3414 effun'·

249 3513 254 3532 ,
275 3418 377 3512 dunt.
428 3433 618 3510 Santlam
608 3438 716 3533 igitur
739 3435 905 3510 continet
925 3417 1090 3509 fiduciam
1109 3437 1169 3509 hic
1188 3434 1338 3531 verns,

275 3555 381 3629 quem
396 3555 473 3609 non
494 3531 598 3609 facile
614 3532 778 3629 proferet
798 3549 996 3631 peccator.-
1017 3532 1224 3628 sequentem
1243 3555 1338 3611 vero

273 3635 556 3731 pronunciabit
547 3655 606 3729 rs,
630 3636 689 3727 qui
707 3633 744 3708 in
762 3637 928 3709 omnibus
944 3634 1153 3719 tribulatur,
1181 3631 1239 3709 sed
1259 3656 1338 3710 non

275 3733 514 3832 angustiatur,
540 3737 613 3808 imo
634 3739 671 3807 in
692 3732 1008 3828 tribulationibus,
1036 3753 1114 3827 quaa
1128 3735 1338 3829 patientiam

275 3848 496 3928 operantur,
531 3833 726 3932 gloriatur,
760 3856 806 3908 eo
836 3834 934 3927 quod
959 3834 1103 3932 incedat
1122 3856 1188 3934 per·
1206 3834 1339 3912 arctam

275 3931 310 4008 bo
328 3931 561 4036 angustam
526 3958 643 4027 uram,
672 3955 749 4026 quae
769 3930 869 4048 ducit
884 3931 927 4007 ad
946 3937 1070 4011 vitam.

322 4039 469 4148 origenis
497 4033 589 4112 Toou
619 4038 720 4122 VIII·
895 4032 966 4110 li
1249 4036 1292 4107 lu

412 4305 436 4320 1.

420 4327 437 4336 ιι

409 4335 460 4391 ΕΙ.
543 4349 548 4358 Ι

415 4381 420 4388 ι
462 4373 485 4390 b.
