3242 4609
362 425 365 430 .
448 277 1144 436 tetrartum-estmoe.
1282 300 1393 466 ea'

275 517 393 612 eum‚'
407 529 496 604 tuuc
520 512 626 594 etiam
645 520 885 612 corporaliter
904 520 1141 615 adimpletur,
1166 521 1264 614 quod
1282 520 1332 595 dl·

262 624 397 697 titur:
430 622 553 690 dlemet
566 620 662 711 super
680 644 747 687 eum
765 621 910 690 dentibus
923 622 1003 709 suis.
1053 620 1123 693 Sed
1149 640 1231 695 cum
1253 623 1330 694 hae'c
1430 675 1432 680 -

273 720 363 797 facit
384 732 559 812 peccator
580 717 763 791 adversum
784 717 939 809 justum,
977 725 1161 812 Dominus,
1191 722 1331 814 inquit,

276 822 426 892 arriduit
442 844 529 905 eumd
555 824 701 914 quoniam
723 821 891 913 prospicit,
918 824 997 916 quad
1020 827 1135 890 veniat
1160 823 1224 891 dies
1250 822 1352 915 ejus(

273 924 397 1017 Quem
411 919 503 991 diem
514 915 874 1013 prospicitDominus
884 917 1115 1011 peccatoris?
1140 919 1244 994 Illum
1258 920 1332 995 stne

273 1020 414 1110 dubio,
441 1033 521 1092 cum
539 1019 707 1109 quaritur
722 1032 914 1110 peccator,
941 1017 1065 1091 &non
1081 1020 1159 1094 erit.
1408 1035 1410 1039 ⁴

335 1128 386 1200 -8.
413 1119 564 1210 Gladium
575 1120 831 1210 evaginaverunt
840 1136 1030 1213 peccatores,
1057 1121 1259 1193 tetenderunt
1278 1144 1332 1189 ar·

273 1244 343 1293 eum
359 1219 476 1307 suum,
501 1233 538 1286 ut
546 1213 712 1409 *ficiunt
732 1209 854 1312 inopem
869 1209 908 1292 di
924 1239 1100 1313 pauperem.
1126 1217 1216 1292 Non
1233 1218 1334 1311 quod
1392 1241 1398 1256 “

276 1318 378 1393 omni
403 1318 551 1413 genere¹
587 1328 775 1389 eccatores
801 1315 955 1412 gladium
980 1317 1137 1391 habeant
1163 1321 1333 1412 torpora—
1409 1333 1418 1370 ⁹

273 1420 371 1509 lem,
397 1414 456 1510 sed
471 1415 656 1489 videamus
679 1435 728 1488 ne
741 1404 840 1488 forte
859 1416 948 1489 sicut
964 1416 1045 1489 sunt
1061 1417 1219 1508 quaedam
1238 1435 1342 1508 arma·
1379 1469 1382 1478 .

273 1518 373 1594 Dei,
398 1516 580 1607 inquibus
602 1513 671 1587 effe
690 1515 820 1587 dicitur
835 1517 948 1588 lorica
958 1515 1119 1608 justitia,
1146 1516 1179 1589 dt
1197 1517 1333 1611 gladius

273 1616 437 1711 spiritus,
463 1614 498 1686 dt
512 1612 649 1712 scutum
666 1610 771 1708 fidei,
794 1617 847 1686 ita
867 1618 975 1690 etiam
990 1616 1170 1689 fintarma
1187 1615 1334 1703 diaboli,

274 1716 406 1808 quibus
424 1713 572 1786 indutus
585 1710 637 1785 est
651 1712 765 1786 homo
780 1728 965 1807 peccator.
1007 1714 1051 1787 Ἀ
1070 1717 1259 1800 contrariis
1272 1714 1334 1809 igi·
1356 1791 1358 1798 J

276 1828 336 1889 tur
351 1813 594 1908 intelligamus
606 1815 810 1905 contraria,
836 1811 1078 1887 &statuamus
1097 1814 1188 1887 duos
1202 1815 1336 1919 milites
1379 1867 1382 1880 .

276 1931 458 1999 armatos,
484 1931 595 1985 tanum
616 1913 769 1985 militem
788 1911 884 2006 Dei,
909 1915 1058 1987 alterum
1082 1914 1235 1987 militem
1263 1914 1338 1985 dia·
1417 1923 1445 1992 ·,“’

275 2014 366 2090 boli.
416 2009 666 2100 Etfiquidem
682 2011 784 2083 miles
798 2011 868 2083 Dei
887 2008 997 2085 habet
1012 2013 1160 2086 loricam
1172 2011 1335 2104 justitia,
1382 2071 1385 2078 .

260 2113 352 2188 ime
366 2109 478 2183 dubio
496 2110 599 2185 miles
614 2108 748 2182 diaboli
763 2112 1029 2184 contrariariam
1044 2111 1127 2183 huic
1140 2114 1232 2207 gerit
1247 2113 1337 2202 inju-

277 2210 380 2286 stitia
395 2211 558 2283 loricam.
608 2204 656 2280 Et
672 2207 695 2280 tr
710 2210 812 2281 miles
828 2209 897 2282 Dei
915 2212 952 2283 in
973 2212 1073 2305 galea
1089 2209 1208 2284 salutis
1229 2217 1337 2283 coru·
1356 2277 1358 2282 .

277 2309 371 2385 scat,
395 2331 419 2401 e!
431 2308 616 2380 contrario
631 2321 828 2402 peccator,
853 2312 912 2400 qui
924 2309 975 2382 est
985 2314 1086 2384 miles
1102 2311 1259 2400 diaboli,
1278 2329 1338 2405 ga·
1368 2351 1372 2362 ι

276 2411 338 2485 lea
358 2407 735 2498 perditionisdndutus
764 2404 827 2480 et't.
876 2405 927 2479 Et
947 2410 973 2482 fl
992 2410 1105 2501 parati
1126 2406 1207 2481 sunt
1225 2409 1337 2502 pedes

246 2583 249 2590 ,
276 2509 401 2585 militis
417 2504 544 2580 Christi
561 2504 606 2577 ad
618 2503 807 2600 Evangelii
825 2503 961 2580 cursum
976 2508 1011 2579 u
1028 2505 1338 2600 pradicationem,

278 2630 303 2684 e
319 2608 503 2680 contrario
520 2608 724 2696 peccatoris
742 2603 854 2696 pedes
872 2607 1053 2678 velociter
1069 2619 1217 2677 currunt
1233 2606 1276 2677 ad
1287 2602 1339 2677 ef·

276 2705 505 2793 fundendum
519 2702 742 2799 sanguinem,
769 2703 1060 2777 &calceamenta
1078 2701 1174 2797 ejus,
1200 2700 1340 2777 hocest

277 2806 514 2904 preparatio,
543 2804 808 2875 concinnantur
840 2803 883 2875 ad
910 2806 1053 2879 malum.
1105 2802 1225 2877 Habet
1250 2822 1339 2898 ergo

278 2908 382 2981 miles
400 2905 468 2975 Dei
484 2900 619 2973 scutum
639 2901 817 2991 quoddam
834 2899 937 2995 fidei,
963 2900 1125 2976 habet&
1144 2903 1246 2976 miles
1269 2902 1340 2975 dia·

277 3007 357 3079 b'ttli
369 3000 592 3078 infidelitatis
604 2998 754 3075 scutum.
803 2999 859 3079 Ita
873 3022 960 3097 ergo
974 2999 1025 3073 est
1043 3002 1180 3098 gladius
1195 3000 1340 3092 quidam

274 3103 431 3197 Spiritus
447 3098 553 3172 santii
569 3100 608 3172 in
624 3099 697 3189 his,
724 3099 784 3189 qui
796 3101 952 3196 militant
968 3101 1073 3174 Deo:
1099 3100 1150 3174 est
1163 3113 1283 3175 autem
1304 3099 1345 3172 de

278 3203 417 3300 gladius
433 3199 575 3293 maligni
590 3198 627 3270 in
640 3198 708 3289 his,
729 3199 788 3287 qui
800 3200 1135 3293 militantpeccato‚
1150 3220 1256 3292 quem
1268 3199 1343 3295 gla-¹

277 3302 377 3374 dium
394 3299 583 3393 evaginate
597 3317 694 3368 nuuc
713 3302 880 3370 dicuntur
894 3312 1118 3392 peccatores.
1171 3301 1340 3397 Quomo-

279 3401 331 3473 do
348 3412 467 3472 autem
485 3396 632 3489 putandi
646 3394 726 3468 sunt
737 3409 951 3488 peccatores
964 3401 1152 3492 evaginare
1167 3394 1342 3494 gladium?

278 3496 456 3586 Dumiam
474 3495 721 3587 impudenter,
748 3494 930 3586 &absque
944 3498 1021 3570 ullo
1035 3498 1265 3572 verecundia
1278 3518 1344 3577 ve·
1397 3503 1420 3568 ἰ.

277 3597 443 3673 lamento
457 3594 664 3684 iniquitates
673 3591 757 3666 i'uas
769 3607 1001 3687 perpetrant,
1027 3616 1097 3671 nec
1113 3598 1343 3676 erubescunt,

279 3715 324 3770 ac
339 3705 567 3784 reverentur,
580 3712 651 3765 nec
665 3703 833 3784 tanquam
849 3696 887 3766 in
900 3696 1027 3792 vagina
1037 3700 1232 3787 nequitiam
1245 3696 1342 3770 luam

279 3795 510 3881 recondunt,
535 3791 819 3888 &·contegunt,
844 3791 903 3866 sed
926 3790 1130 3888 superbo&
1152 3798 1250 3866 elato
1274 3792 1342 3885 spi·

280 3896 353 3971 titu
391 3894 495 3982 velut
521 3890 673 3986 gladium
708 3893 895 3982 quemdam
928 3894 1123 3970 denudant.
1173 3892 1342 3968 Similiter

283 3997 392 4075 etiam
413 3991 519 4081 illud,
546 3989 645 4084 quod
669 3987 826 4170 sequiltgar
850 4004 1052 4100 peragunt,
1081 3992 1125 4070 id
1142 3991 1222 4085 eu„
1241 3995 1359 4060 inten-

249 4111 255 4122 '
818 4110 842 4201 5
1199 4097 1328 4166 daiam
