3242 4609
270 293 343 385 et.
509 273 1060 374 ,tan-'ottroaua
1156 324 1159 330 -
1264 289 1267 295 ·

272 443 516 534 infirmitatem
533 444 630 520 casus
652 445 777 538 aliquis
792 446 979 538 imminet,
1006 442 1241 540 deprecemur
1255 443 1338 522 Do·

272 547 431 638 minum,
457 557 499 617 ut
515 548 635 618 mittat
655 546 760 620 nobis
783 548 936 622 verbum
956 544 1054 621 suurn
1072 546 1107 622 dt
1128 545 1338 644 sapientiam
1387 593 1390 598 -

274 643 393 741 suam,
420 665 497 737 quae
511 644 689 720 suffulciat
708 645 851 735 casuros
873 645 1047 742 &erigat
1307 673 1310 685 ·

350 768 385 845 9.
415 746 572 839 Cognoscit
596 741 755 819 Dominus
771 748 835 818 dias
859 747 1147 833 immaculatorum,
1180 741 1221 822 U
1237 745 1340 820 bert·

275 845 365 920 alitos
378 871 482 918 corum
497 849 535 916 in
549 864 698 918 aternum
715 852 790 919 erit.
825 844 1028 922 secundum
1043 844 1232 942 scripturas
1246 845 1339 922 licut

274 945 315 1022 in
331 945 453 1022 multis
473 947 565 1020 locis
585 946 883 1039 observavimus,
918 945 1097 1020 Dominus
1115 966 1191 1019 noo
1215 945 1339 1020 omnia

278 1044 488 1142 cognoscit,
512 1044 572 1121 sed
588 1042 661 1122 sola
675 1047 755 1140 illa,
782 1042 1081 1140 quaebonasunt:
1107 1047 1198 1120 mala
1216 1057 1340 1120 autem

277 1145 410 1220 dicitur
432 1146 627 1243 ignorare,
661 1168 737 1222 non
758 1146 858 1238 quod
880 1166 970 1220 vere
988 1144 1205 1238 aliquidfit,
1238 1143 1338 1238 quod

276 1244 354 1338 ejus
368 1244 548 1322 scientiam
559 1249 690 1341 lateat,
715 1243 775 1324 sed
786 1268 849 1340 ea,
876 1267 953 1338 qua
964 1239 1341 1342 indignasuntnotio·

277 1347 446 1440 noejus,
473 1346 602 1420 dicitur
623 1350 802 1443 ignorare.
854 1344 967 1522 {uod
991 1343 1208 1420 ostendimus
1230 1345 1340 1426 etiarn
1368 1381 1371 1386 ·

251 1515 258 1532 ,
280 1444 552 1540 descriptoris,
578 1447 769 1523 curn'dicit
785 1443 871 1540 Apo
904 1447 1008 1524 olus:
1041 1449 1081 1518 Si
1098 1447 1167 1544 pais
1188 1447 1234 1515 im·
1248 1445 1340 1516 uelis

280 1542 456 1641 Propheta,
482 1547 537 1618 vel
543 1547 723 1642 spiritalis,
748 1547 922 1642 cognoscat,
948 1571 1014 1645 que
1022 1544 1122 1636 [cribo
1134 1543 1239 1630 orbis,
1263 1567 1343 1646 qao·
1388 1554 1390 1558 ’

278 1655 369 1730 miom
391 1648 527 1718 Domini
536 1644 648 1735 fitur(
678 1650 719 1722 st
740 1653 815 1743 qais
834 1663 940 1720 oetam
960 1651 1104 1740 ignorat,
1131 1645 1342 1740 igrtoroir'rar.

279 1739 330 1820 Et
348 1745 387 1818 in
408 1742 610 1842 Evangelio
631 1748 694 1821 ubi
719 1746 806 1822 dicit
831 1747 1012 1822 Dominus
1039 1745 1083 1818 ad
1107 1758 1345 1838 peccatorest

280 1845 398 1930 Nescio
413 1870 490 1933 vos,
515 1845 692 1934 drssedolac
710 1871 757 1918 mc
771 1852 910 1946 operarii
924 1851 1119 1946 iniquilatis.
1169 1843 1270 1918 Sicut
1291 1863 1346 1918 er·

281 1965 330 2042 go
347 1944 478 2018 &alibi
495 1944 645 2041 dicitur,
672 1949 820 2041 cognoscit
833 1953 1009 2030 Dominus,
1035 1951 1089 2042 qai
1096 1945 1175 2034 sumt
1186 1945 1273 2041 ejas,
1295 1944 1346 2020 lie

280 2044 430 2122 hicnon
446 2045 660 2139 impiorum,
686 2043 746 2120 sed
767 2048 1076 2143 immaculatorum
1100 2046 1175 2119 dios
1193 2042 1346 2139 cognos-

283 2165 367 2218 cere
390 2143 521 2217 dicitur
539 2145 731 2226 Dominus.
782 2147 893 2244 Digni
918 2147 1011 2238 enim
1030 2143 1175 2220 scientia
1194 2139 1346 2218 Domini

280 2243 594 2320 immaculatorum
618 2247 704 2324 dies.
756 2246 828 2322 Sed
852 2247 977 2321 &hoc
991 2245 1183 2326 secundum
1205 2244 1346 2318 literam

281 2343 445 2420 nesciola
470 2343 574 2436 poliat
590 2346 853 2444 consequenter
871 2346 1016 2442 exponi.
1039 2383 1041 2388 ·
1068 2345 1142 2442 Qui
1157 2345 1249 2416 enim
1270 2340 1350 2436 pos-
1378 2361 1380 2365 ·

259 2503 263 2512 .
281 2441 364 2520 sunt
378 2441 448 2521 elle
464 2440 539 2522 dies
552 2447 865 2539 imorculatorum,
892 2447 953 2539 qui
972 2465 1048 2522 non
1064 2446 1132 2520 srnt
1146 2445 1252 2520 etiarn
1266 2463 1349 2535 pec·

284 2542 481 2620 catoruml
509 2568 590 2620 cum
617 2548 721 2642 hujus
748 2548 863 2621 saculi
890 2546 963 2619 dies
989 2567 1061 2620 una
1086 2544 1281 2633 eademque
1307 2541 1350 2617 stt

283 2647 474 2736 omnibus,
501 2647 659 2736 atqueln
676 2647 800 2722 eadem
825 2645 899 2720 live
916 2644 1022 2736 justi,
1048 2645 1122 2719 live
1135 2656 1348 2738 peccatores

232 2797 235 2802 -
282 2744 382 2820 simul
397 2745 480 2816 luce
496 2744 701 2822 versentur:
727 2746 817 2822 sicut
834 2745 866 2817 a
885 2744 958 2838 ipse
976 2744 1157 2822 Dominus
1181 2743 1227 2815 de
1246 2758 1350 2835 patre

283 2843 398 2936 dicit,
432 2843 514 2934 quia
530 2844 625 2936 solem
638 2845 734 2933 svam
752 2845 842 2943 julat
857 2852 938 2916 oriri
956 2845 1047 2942 super
1069 2844 1160 2915 bonor
1178 2840 1217 2920 (Ἰ
1241 2843 1348 2917 malos.

284 2942 488 3040 Quomodo
508 2963 596 3038 ergo
612 2943 672 3020 hic
697 2947 802 3018 velut
818 2958 1010 3039 exceptum
1028 2944 1159 3037 aliquid
1182 2942 1217 3015 a
1236 2939 1351 3038 segre·

283 3055 404 3138 gutum
422 3043 731 3120 immaculatorum
746 3045 821 3120 dies
838 3045 1060 3142 cognoscere
1077 3043 1208 3117 dicitur
1223 3040 1351 3117 Domi·

283 3140 379 3216 nusi
406 3140 475 3218 Sed
489 3142 696 3227 videamus,
721 3166 767 3219 ne
783 3143 1148 3236 forteunusquisque
1165 3142 1349 3240 propriant

284 3240 348 3316 sibi
362 3239 436 3334 ipse
456 3241 565 3318 fatiat
588 3243 692 3321 diem.
744 3242 793 3318 Et
809 3244 997 3336 liquando
1022 3244 1230 3335 abjicientes
1253 3261 1352 3318 nten-

285 3339 425 3415 dacium
442 3341 624 3433 loquimur
641 3345 832 3422 veritatem
850 3343 1120 3437 cunr-proximo
1136 3340 1286 3433 nostro,
1312 3343 1351 3417 in

286 3442 450 3514 veritatis
475 3441 764 3522 dicaverimus
786 3447 869 3520 luce
884 3440 1077 3520 versamur.
1127 3441 1295 3517 Similiter
1316 3433 1351 3516 da

287 3541 591 3619 cumretrahimus
606 3563 675 3618 nos
691 3547 734 3618 ab
746 3545 810 3638 iis,
838 3545 898 3635 qui
918 3543 1075 3620 oderunt
1086 3541 1236 3633 fratres,
1263 3539 1348 3616 &in

286 3639 486 3725 dilectione
502 3642 652 3718 fratrum
672 3665 947 3739 permanemus,
980 3642 1054 3716 dics
1073 3641 1179 3717 nobis
1201 3641 1353 3716 iacimus

286 3740 486 3819 charitatis.
535 3741 658 3817 Sed&
678 3765 759 3820 cum
770 3742 939 3838 justitiam
955 3741 1194 3831 custodimus,
1220 3739 1351 3815 &cum

285 3840 472 3918 visitantes
492 3843 618 3916 viduas
637 3856 746 3934 atque
761 3845 947 3938 orphanos
965 3843 1001 3919 in
1020 3841 1256 3919 tribulatione
1269 3839 1350 3934 sua,

276 3940 534 4022 maculatos
545 3963 615 4024 nos
631 3943 848 4024 custodimus
865 3944 909 4024 ab
920 3944 993 4024 hoc
1004 3939 1166 4116 sactrlo³
1185 3940 1353 4018 immacu·

878 4071 890 4089 ·-
1163 4055 1313 4120 ntorum
