3242 4609
448 213 1145 365 surser'arnrsrtmos.
1261 212 1333 387 sn

258 449 344 525 litia
368 444 572 541 saucietos,
593 444 634 520 dt
657 440 896 542 interfeitos,
921 464 1178 539 quorum'non
1199 448 1250 525 est
1267 472 1333 527 nu·

263 568 397 625 merus.
589 586 592 590 v

344 648 525 745 Suscipians
542 646 719 736 mansuetos
742 646 921 735 Dominus,
946 641 1242 720 humiliansoutem
1258 658 1334 750 pec:

262 765 385 821 catores
399 770 494 844 usque
508 746 548 827 ai
569 758 707 833 roiam,
733 741 820 840 dio]
854 746 1122 844 Quaerendum,
1147 750 1243 823 unde
1268 752 1333 825 hu·

264 847 383 924 millet
400 857 625 940 peccatores.
671 845 758 918 Hoc
773 859 892 924 autem
910 846 1042 942 docet,
1069 867 1149 919 cum
1169 851 1239 921 aits
1273 855 1333 921 Us-

261 970 327 1046 que
343 947 383 1017 od
401 964 530 1017 terrum.
580 944 630 1017 Et
649 945 753 1032 vide,
786 966 834 1018 ne
849 943 1033 1037 humiliet,
1065 966 1145 1020 cum
1162 947 1199 1019 in
1221 963 1337 1023 terre·-

264 1066 321 1122 no
336 1045 544 1120 humilitatis
558 1046 898 1138 eorporecollocut
950 1043 1103 1138 Suscipit
1116 1046 1224 1141 igitur
1235 1071 1333 1123 man·

264 1142 422 1238 suetos,
460 1164 551 1236 quos
575 1148 672 1237 prius
690 1146 953 1221 humiliaverat.
1012 1144 1186 1219 Humiliat
1211 1164 1333 1225 autem
1370 1226 1378 1240 s

265 1264 383 1336 usque
410 1242 454 1317 ad
476 1256 606 1318 terram
629 1259 865 1338 peccatores,
892 1247 951 1336 qui
976 1257 1061 1317 ante
1082 1259 1272 1337 peccatum
1293 1250 1332 1323 in

263 1340 411 1420 excelso
433 1355 545 1417 erant.

345 1446 418 1537 Qui
431 1448 532 1537 operit
545 1440 822 1530 culumnuiibus,
848 1442 933 1533 sin]
959 1440 1096 1516 Coelum
1114 1442 1148 1514 dt
1166 1462 1223 1515 res
1240 1442 1332 1516 divi·

267 1544 392 1620 niores
421 1543 684 1635 cooperiuntur
716 1541 1043 1617 &absconduntur
1069 1542 1251 1637 nubibus,
1286 1544 1332 1624 ad

265 1663 353 1736 quas
372 1642 507 1715 veritas
528 1642 711 1738 pertingit.
1308 1663 1310 1666 ·

487 1836 871 1930 PSALMUs
914 1838 1094 1918 CXLVII.

363 1939 488 2013 uoniam
519 1940 720 2032 confortavit
744 1943 832 2031 seras
861 1957 1027 2038 motarum
1054 1959 1208 2031 tuarum,
1233 1939 1329 2038 iso]

386 2040 576 2113 Portarum
596 2039 786 2134 Jerusalem
812 2040 959 2132 vestes,
987 2042 1039 2114 uti
1066 2043 1243 2134 arbitror,
1271 2043 1333 2133 qui

263 2141 471 2217 aDomino
499 2140 755 2233 eontinentur,
782 2138 862 2213 sunt
879 2143 1065 2233 rationes,
1092 2161 1170 2231 quae
1190 2139 1332 2234 perspe-

264 2239 356 2316 dtam
375 2242 409 2312 δι
431 2237 721 2330 comprehensam
736 2251 910 2334 potenter
933 2239 1105 2313 exhibent
1126 2243 1332 2315 veritatem.

348 2340 534 2437 Ejusdem]
567 2336 699 2411 Veues
715 2339 857 2431 quidem
874 2337 1063 2433 Jerusalem
1086 2338 1166 2412 sunt
1186 2339 1335 2426 adrices

266 2438 448 2532 virtutes,
476 2459 554 2538 quae
573 2437 692 2510 hostes
713 2439 868 2512 introitu
883 2439 1103 2531 prohibent;
1130 2437 1248 2511 Sionis
1271 2455 1338 2513 ve-

268 2559 317 2613 ro
348 2538 431 2611 soree
460 2538 540 2616 sunt
563 2536 715 2610 coelestia
738 2538 934 2633 dogmata,
967 2542 1003 2611 δι
1026 2535 1122 2612 reita
1142 2535 1230 2610 fides
1251 2538 1337 2611 ado·

270 2642 391 2714 randae
416 2634 594 2710 &sandiae
614 2633 842 2730 Trinitatis‚·
863 2637 1033 2729 liquidem
1052 2637 1240 2725 Jerusalem
1264 2639 1341 2711 ani..

269 2761 364 2813 mam
389 2735 583 2833 fignificat,
620 2734 710 2808 Sion
735 2756 828 2810 vero
854 2749 1024 2813 mentem.
1075 2736 1337 2829 Interpretatur
1428 2830 1430 2834 ι

269 2834 575 2931 enimJerusalem
595 2836 673 2933 volo
686 2842 798 2933 pacit,
823 2835 912 2909 Sion
932 2850 1051 2910 autem
1068 2837 1202 2932 speculo
1278 2837 1282 2846 “

348 2940 416 3027 Qui
427 2944 521 3031 ponit
534 2937 623 3026 fines
639 2955 709 3008 tuos
727 2957 855 3032 paam,
880 2937 963 3027 Ue]
1016 2932 1153 3009 Omnes
1170 2932 1260 3009 fines
1279 2934 1337 3031 Je·
1443 2975 1445 2983 ·

266 3032 419 3116 rusalem
443 3031 522 3108 sunt
543 3056 625 3127 pax.
686 3035 827 3110 Verum
850 3050 953 3109 extra
970 3032 1061 3107 fines
1081 3036 1157 3128 ejus
1180 3057 1257 3110 non
1283 3035 1337 3109 est

267 3155 352 3231 pax.
405 3135 528 3232 Quare
552 3135 611 3227 is,
640 3136 701 3228 qui
726 3157 804 3210 non
829 3133 883 3210 est
900 3137 938 3209 in
959 3155 1077 3229 pace,
1103 3134 1155 3209 est
1175 3150 1277 3209 extra
1295 3131 1336 3208 fi·

265 3256 334 3310 nes
353 3232 556 3325 Jerusalem.
1189 3269 1192 3274 -
1253 3287 1257 3294 .

346 3332 529 3431 Ejusdem.)
553 3330 661 3408 Fines
674 3335 773 3428 pacis
788 3333 913 3409 dicunt
929 3328 998 3407 else
1014 3330 1204 3409 affetluum
1214 3332 1252 3407 in
1265 3333 1338 3407 ani·

266 3453 327 3510 ma
350 3433 582 3508 vacuitatem.
1248 3481 1250 3486 ·

278 3617 284 3630 ι
320 3532 391 3605 -Et
420 3534 510 3626 adipe
536 3532 700 3626 frumenti
717 3533 821 3624 satiat
846 3549 899 3623 te,
931 3530 1027 3629 iso]
1069 3530 1199 3607 simile
1220 3529 1271 3605 est
1296 3531 1336 3603 in

265 3630 403 3728 psalmo
428 3630 648 3729 ouogefimo
666 3631 780 3709 istud:
818 3631 868 3709 Et
883 3632 1003 3706 cibavit
1024 3635 1092 3706 ilos
1111 3635 1147 3704 de
1159 3635 1247 3728 adipe
1257 3629 1336 3723 frn-

266 3737 381 3804 menri.
436 3731 595 3808 Granum
620 3732 789 3809 frumenti
816 3729 999 3810 Salvatof
1009 3732 1080 3807 est:
1113 3746 1336 3825 quapropter

268 3833 378 3910 etiam
403 3830 623 3924 frumentum
648 3832 725 3927 est,
762 3854 836 3926 quo
867 3832 971 3908 Deus
1004 3832 1106 3908 satiat
1131 3828 1335 3928 Jerusalem.

344 3934 416 4025 Qui
436 3938 561 4006 emittit
587 3933 742 4033 eloquium
762 3934 861 4023 suum
887 3951 999 4028 tene,
1023 3931 1114 4027 oe]
1167 3932 1253 4005 Hoc
1268 3943 1271 3948 '
1284 3930 1339 4000 lo·

265 4051 315 4108 co
346 4045 478 4114 terram
507 4032 701 4132 allegorice
723 4030 857 4135 sumit,
894 4053 1036 4130 nosque
1060 4032 1161 4110 sorte
1182 4030 1339 4139 indicat,

319 4134 471 4232 origenis
487 4134 577 4211 Tem.
593 4135 695 4217 VIII·
883 4131 964 4215 Kk
1155 4189 1157 4194 -
1240 4135 1316 4211 ψ
