3242 4609
324 281 328 286 ⁶
396 341 399 346 ’
478 298 1173 457 setectstuesstmo‘s.
1279 303 1386 448 439]

294 509 350 582 eia
360 505 599 606 justitiaexDei,
620 510 805 604 exquibus
823 532 879 585 res
896 511 1061 602 quaelibet
1073 507 1247 587 diversam
1261 528 1350 586 con·

293 610 467 684 ditionem
489 631 531 692 ac
549 612 818 705 providentiam
837 612 961 720 sospita
978 609 1073 685 est..
1139 674 1141 678 .
1272 612 1298 668 Γ
1396 601 1404 618 “

372 712 557 803 Pux'mulra
572 714 773 805 diligentibus
782 715 873 805 legem
888 730 989 797 tuam,
1004 712 1118 787 &non
1131 711 1171 807 esi
1185 711 1250 781 illis
1258 709 1350 799 scen

292 808 419 896 dalem,
444 808 529 905 stt]
565 810 600 884 Si
619 810 731 904 pusilli
748 811 1045 904 scandalizantur,
1070 810 1183 904 pusilli
1197 829 1275 883 non
1299 812 1356 884 ἀί·-Ι

293 908 409 1004 ligunt
434 908 640 985 Dominum.
693 916 763 1005 Qui
781 918 864 981 enim
889 912 1179 997 scandalizaverit,
1202 905 1346 1002 inquit,

294 1032 397 1077 unum
419 1008 454 1078 de
476 1011 593 1107 pufille's
617 1014 690 1080 ilis.
742 1014 815 1110 Qui
844 1011 995 1105 diligunt
1018 1008 1242 1100 Dominum,
1270 1030 1347 1086 non

293 1103 582 1204 scandalizantur.
633 1109 747 1184 Pusilli
765 1130 853 1208 ergo
869 1132 947 1192 non
962 1111 1113 1205 diligunt
1131 1109 1345 1183 Dominum:

292 1223 515 1300 quaproprer
526 1209 632 1284 etiam
646 1212 814 1306 ignorant
826 1213 982 1283 rationes
991 1229 1130 1301 rerum,
1150 1229 1227 1301 quae
1239 1201 1345 1299 fiunt,
1373 1289 1380 1296 ,
1413 1263 1415 1268 .

292 1307 328 1379 dt
345 1308 388 1379 de
407 1308 533 1398 quibus
546 1312 654 1383 etiem
670 1310 959 1384 scandalizantur.
1010 1308 1083 1382 Pax
1101 1330 1178 1382 non
1199 1315 1280 1380 ‘cum
1293 1310 1345 1380 in·
1397 1311 1400 1319 “

291 1406 488 1479 visibilibus
500 1409 674 1501 inimicis,
700 1409 758 1482 sed
775 1431 855 1483 cum
870 1409 978 1502 Deo,
994 1407 1038 1480 ⁸&
1055 1429 1130 1481 non
1147 1405 1197 1481 est
1213 1406 1347 1481 illisos·

293 1503 522 1582 sendiculum.
574 1506 789 1602 Complanat
803 1510 897 1584 enim
913 1509 981 1581 illis
997 1510 1057 1582 lex
1071 1509 1165 1583 viam
1178 1507 1345 1599 virtutis,

292 1620 437 1676 remoto
456 1607 554 1678 omni
568 1611 707 1700 peccati
726 1608 961 1682 offendiculo.
1012 1608 1083 1681 V'el
1100 1627 1265 1704 paucum
1280 1603 1347 1702 hd·

292 1703 446 1776 minibus
472 1707 630 1798 ejusdem
654 1705 767 1803 ndei,
798 1710 886 1783 licet
904 1707 955 1781 illi
976 1704 1096 1800 saepius
1118 1728 1244 1803 pacem
1263 1726 1346 1781 cum
1374 1709 1379 1723 ’

288 1803 344 1876 eis
366 1802 498 1877 habere
516 1807 648 1883 nolint.
1075 1880 1077 1882 ,

373 1901 592 1999 Exspellaiam
607 1908 756 1994 firlutare'
770 1924 863 1979 tuum
883 1910 1037 1998 Domine,
1063 1906 1101 1981 (5
1119 1905 1270 1976 mandare
1288 1921 1347 1977 rua
1379 1935 1381 1939 ·

287 2002 409 2089 dilexi,
434 2003 519 2099 sse]
556 2007 706 2099 Beatus,
732 2009 790 2098 qui
816 2003 993 2101 exspectat
1016 2008 1165 2078 salutare
1186 2004 1285 2097 Dei,
1311 2004 1346 2079 dt

289 2101 457 2177 mandata
473 2106 548 2196 ejus
568 2106 692 2199 diligit.
743 2106 814 2179 Hic
830 2106 923 2179 enim
946 2106 989 2178 ad
1004 2106 1121 2196 vitam
1133 2101 1344 2198 perseitam,

291 2202 328 2274 dt
349 2204 392 2275 ad
407 2204 548 2278 culmen
565 2202 713 2298 proficit
731 2203 979 2297 beatitudinis,
1006 2224 1083 2295 quae
1095 2204 1175 2295 ipsts
1188 2200 1346 2294 Aposto·
1391 2262 1395 2274 .

289 2302 335 2375 lis
354 2302 510 2396 reposita
528 2303 605 2397 est,
631 2306 674 2378 ad
693 2325 783 2397 quos
802 2305 915 2377 dixit:
942 2306 1024 2375 Sint
1037 2303 1134 2374 lumin·
1149 2301 1244 2401 ueplri
1265 2319 1346 2399 praa

259 2491 262 2496 .
289 2403 412 2482 eruut,
438 2402 476 2478 (l
494 2406 628 2478 lucerua
651 2407 813 2493 ardentes,
839 2402 877 2480 θ
896 2428 952 2475 vos
962 2405 1080 2502 flmiles
1098 2400 1277 2475 homiuibus
1293 2426 1346 2474 ex-
1414 2496 1418 2504 Ι

255 2565 278 2596 s
285 2500 503 2599 [pellentibus
519 2510 692 2576 Dominum
709 2503 805 2591 suum.
1122 2537 1125 2546 ·
1298 2504 1313 2522 ”
1371 2510 1375 2518 ’

367 2605 602 2701 Appropinquet
619 2606 793 2701 deprecatio
805 2627 871 2674 mea
890 2606 928 2673 in
939 2598 1096 2699 conspeliu
1115 2618 1168 2673 tue
1185 2603 1342 2674 Domine.-

284 2703 387 2801 juxte
410 2706 563 2799 eloquium
585 2721 674 2790 tuum
693 2706 733 2774 da
750 2705 833 2774 milri
850 2699 1058 2787 inleselium,
1085 2700 1172 2795 Ut]
1207 2699 1345 2773 Secun'-

289 2802 375 2875 dum
395 2804 515 2895 priora
540 2806 716 2878 elementa
736 2802 940 2877 ambulabat
956 2801 999 2875 ad
1017 2802 1163 2894 Deum,
1196 2799 1230 2872 dt
1252 2819 1344 2872 nort·

290 2902 375 2974 dum
399 2905 432 2974 ei
453 2907 674 2997 propinquus
694 2919 796 2977 erat:
828 2902 971 2992 quando
989 2913 1106 2974 autem
1130 2900 1199 2973 suit
1217 2900 1254 2970 in
1272 2894 1344 2970 fine

289 3003 465 3095 propositi
488 3002 678 3096 sermonis,
706 3004 739 3077 dt
762 3004 798 3075 in
814 3003 937 3093 litera,
964 3022 1041 3092 quae
1057 2999 1150 3096 apud
1169 2998 1344 3084 Hebraeos

291 3099 344 3174 est
356 3100 551 3193 postrema,
578 3118 665 3174 tunc
682 3101 868 3194 obsecrat,
893 3114 935 3173 ut
954 3102 1073 3174 oratio
1085 3093 1164 3191 'ejus
1183 3097 1269 3171 Deo
1287 3117 1346 3189 ap·

290 3202 531 3295 propinquet,
548 3201 582 3273 dc
597 3201 641 3274 ad
658 3200 767 3296 ipsum
781 3202 981 3295 perveniat.
1009 3198 1184 3292 Qaeterum
1200 3197 1244 3270 de
1262 3216 1354 3293 proe-

290 3302 490 3394 pinquitate
504 3300 574 3373 Dei
588 3299 790 3375 faciendum
807 3298 878 3392 est,
897 3299 958 3400 has
975 3319 1043 3371 nos
1060 3296 1277 3370 differentias
1291 3315 1347 3366 re·
1363 3379 1365 3385 Ι

289 3397 426 3494 perisse.
477 3398 673 3472 Perseblior
696 3403 958 3496 appropinquat
976 3398 1087 3485 Deo;
1113 3396 1264 3468 inferior
1283 3415 1347 3464 ve·

290 3518 336 3570 ro
359 3498 393 3571 dt
417 3498 501 3570 huic
523 3500 664 3571 vicinus
691 3521 766 3573 non
792 3500 1056 3593 appropinquat
1074 3496 1214 3587 quidem
1238 3491 1346 3584 Deo,

289 3595 351 3672 sed
367 3598 569 3671 orationem
588 3599 696 3671 habet
718 3600 755 3673 ei'
769 3598 1125 3692 appropinquantem.
1175 3590 1284 3665 Unde
1294 3596 1347 3682 „de

283 3695 425 3789 'Moyse
440 3700 597 3790 repetire
611 3696 774 3771 estillud:
802 3698 932 3768 Accedet
945 3691 1066 3790 Moyses
1074 3695 1152 3782 salus
1171 3694 1211 3763 ad
1231 3696 1346 3776 Deum,

293 3805 399 3868 ceteri
414 3816 519 3867 aurem
537 3821 602 3866 non
618 3803 782 3885 accedentp
807 3793 949 3890 insuper
965 3816 1055 3867 vero
1078 3794 1281 3865 orationcm
1298 3789 1349 3860 di:
1368 3869 1374 3908 ἱ
1402 3797 1412 3825 “

293 3910 455 3970 centem:
481 3902 714 3995 Apprrpinquer
728 3900 900 3995 deprecatio
912 3921 997 3980 mee,
1022 3893 1085 3969 (sc.
1124 3894 1215 3990 Quae
1233 3903 1349 3981 porro

253 4037 257 4042 ·
293 3997 425 4075 horum
446 3993 488 4071 sit
508 3995 731 4095 differentia,
766 4001 888 4170 torpuere
904 3997 1060 4093 pretium
1085 3990 1162 4088 est,
1191 3986 1352 4066 confide·

691 4161 695 4168 ,
823 4116 899 4190 Η*
1210 4106 1316 4155 ms..
