3242 4609
260 411 265 419 ,
379 295 389 319 ‘
436 267 1155 448 {sntncrnruesnnmos
1213 348 1337 440 5429
1441 277 1445 286 ’

276 496 420 595 quando
443 491 641 588 videbim',
676 491 828 583 aliquem
853 493 1047 567 verborum
1072 493 1218 566 tuorum
1237 492 1336 570 obli..
1413 534 1415 540 ι
1441 559 1443 566 .

274 596 391 673 uisci?
416 593 540 687 utique
558 615 633 666 non
656 594 948 684 qualemcumque
959 595 1101 682 zelum,
1126 590 1185 670 sed
1208 613 1335 675 eccene

272 698 348 773 sum
366 695 562 769 &calidum
572 739 583 779 ‚
609 706 715 784 atque
731 692 834 763 illico
849 693 1051 781 ardentem,
1077 692 1101 766 sr
1117 692 1261 783 quando
1280 692 1335 775 vi·¹

273 800 429 888 debum,
468 797 644 886 aliquos
628 795 994 865 verborumtuorum
1015 792 1162 866 oblitos.
1214 792 1332 884 Hujus
1350 795 1359 816 '

271 899 341 972 zeii
358 895 597 974 memmerunt
607 891 788 987 doscrpulr‚
816 891 861 963 de
875 912 949 983 quo
963 911 1009 964 ex
1021 890 1333 983 personeDomini

270 1000 311 1072 in
326 994 460 1090 psalmo
478 994 626 1065 dicitur.
655 993 749 1072 Zetus
765 995 873 1061 donus
893 1009 955 1062 tuae
972 998 1100 1062 comedit
1114 1015 1201 1066 me.-

351 1093 489 1188 Ignitum
501 1096 662 1190 eloquium
669 1109 760 1162 rreum
775 1093 994 1179 vehementer,
1019 1092 1178 1181 &servus
1192 1045 1267 1161 tuus
1283 1076 1333 1172 (ἐξ
1363 1173 1369 1189 x

272 1197 465 1276 texeretur,
490 1190 583 1287 Do]
618 1191 736 1307 Doii‚⁴
766 1192 903 1284 inquit,
931 1209 1065 1284 expers
1091 1188 1141 1265 est
1158 1193 1218 1264 lex
1237 1188 1332 1286 Dei,
1444 1205 1445 1210 ‘

270 1308 404 1389 utpote
426 1292 502 1386 ipio
524 1291 674 1388 spiritu
665 1294 800 1389 rgnitaz
828 1307 1048 1386 quapropter
1064 1312 1140 1365 non
1160 1291 1332 1375 adulatio·

264 1416 354 1477 nem
363 1449 377 1492 ,
383 1412 478 1466 non
495 1393 753 1485 fimulationem
768 1394 955 1485 continet,
980 1390 1038 1465 sed
1053 1390 1235 1467 manifeste
1249 1411 1333 1482 pec

270 1510 395 1567 centes
413 1493 544 1589 arguit,
570 1492 789 1587 negligentes
803 1491 1018 1589 perstringit.
1075 1492 1344 1589 tlivusestenin-

263 1597 369 1686 sermo
387 1598 471 1680 Dei,
496 1590 681 1680 &affirm
708 1593 987 1689 &penetrabilior
1010 1599 1096 1664 omni
1114 1594 1218 1686 gladio
1241 1599 1332 1670 auci,

263 1698 352 1793 piri,
379 1688 418 1768 (5
431 1699 617 1789 pertingens
636 1716 731 1789 mque
748 1695 789 1764 ad
801 1692 985 1785 divifiouem
999 1698 1114 1763 animae
1126 1691 1165 1769 (9
1179 1694 1332 1790 spiritus,

269 1815 442 1891 compagum
457 1817 574 1892 quoque
587 1818 624 1864 ac
639 1793 857 1882 moduinum,
878 1791 925 1869 (5
941 1794 1091 1882 discretor
1112 1799 1191 1887 cogi(
1174 1798 1333 1886 (arionem
1398 1853 1403 1869 ,

268 1895 311 1973 (9
336 1898 550 1964 intentionum
577 1892 687 1964 cordis.
743 1891 883 1967 Illum
872 1894 1008 1989 igitur,
1034 1892 1059 1968 st
1079 1894 1218 1986 quidem
1238 1891 1332 1968 servi

267 1990 342 2069 D'ei
363 1994 500 2084 sumus,
526 2013 595 2065 nos
616 1994 838 2083 quoquedili
864 2014 987 2084 emus,
1014 2014 1331 2084 nequaquameum
1390 2052 1392 2056 -

267 2090 495 2168 ludificantes
508 2105 568 2163 aut
585 2088 809 2164 falfificantes
828 2015 987 2187 {ruod
965 2094 1011 2165 de
1022 2091 1228 2184 quibusdam
1243 2092 1332 2167 Pau·

269 2195 326 2267 ius
342 2190 553 2289 infinuavit)
566 2190 623 2263 sed
639 2211 767 2283 purum
784 2192 1035 2287 proferentes,
1059 2205 1172 2287 prout
1188 2213 1270 2267 eum
1285 2212 1339 2267 ex·
1431 2213 1440 2245 ¹

249 2292 424 2368 'fornace
441 2289 581 2383 spiritus
601 2291 814 2384 accepimus.
946 2345 950 2356 .
1318 2337 1324 2346 -

349 2387 545 2489 Ejusdem]
557 2391 711 2486 Ignitum
729 2392 911 2483 eloquium
926 2390 998 2465 Dei
1016 2387 1198 2465 comburit
1216 2393 1331 2491 ligne,
1430 2437 1433 2448 ι

269 2490 425 2569 foenunr,
450 2489 632 2586 stipulam,
658 2492 771 2564 malos
788 2493 929 2566 habitus
948 2489 1170 2567 consumens

253 2615 256 2620 ·
348 2591 489 2689 Jusiitr'a
511 2609 568 2662 tua
580 2591 736 2687 justitia
724 2617 761 2661 m
773 2609 951 2677 eternum,
978 2591 1017 2667 U
1036 2595 1089 2661 lex
1111 2611 1169 2661 tna
1187 2598 1331 2683 veritas,

257 2688 357 2786 Dc]
387 2695 478 2791 Quae
495 2690 587 2784 apud
605 2692 770 2764 homines
792 2689 862 2783 est,
885 2690 1018 2786 justitie
1033 2692 1135 2783 parvi
1151 2695 1332 2784 penditur-

270 2790 410 2887 Justitia
434 2807 566 2864 aeterna
588 2793 736 2884 proprie
753 2792 887 2888 justitia
912 2791 974 2873 est.
1025 2793 1145 2889 Quem
1166 2789 1333 2883 justifico

269 2891 391 2990 ueris
417 2893 554 2965 eumin
574 2903 745 2964 eternum
770 2888 1140 2984 &justeconfirmas
1192 2890 1334 2987 Justitia
1401 2938 1403 2942 v

269 3011 364 3063 uero
376 2992 558 3064 hommum
572 3013 647 3063 non
662 2990 712 3064 est
723 2993 911 3085 ejusmodi
961 2987 1216 3083 Temporanea
1237 2994 1332 3069 enim

270 3090 343 3182 est,
371 3088 507 3183 &saepe
526 3090 620 3163 falsa.
657 3088 736 3164 Lex
753 3105 814 3164 tua
826 3092 1118 3183 ipsemetverrtas
1136 3090 1207 3183 est
1233 3096 1333 3188 quipe
1379 3111 1384 3130 ⁸
1418 3163 1420 3167 .

269 3211 317 3283 pe
337 3209 413 3280 quae
434 3191 470 3262 in
494 3191 658 3262 omnibus
677 3211 788 3272 verax
812 3191 874 3265 est:
920 3191 1096 3266 Veritatis
1113 3193 1259 3265 nomine
1278 3193 1333 3266 in·
1387 3192 1390 3208 '

269 3289 442 3384 tollintur
457 3292 564 3364 etiam
575 3287 772 3364 retirtudo
757 3306 862 3384 Juxta
875 3291 982 3366 illud.
1009 3281 1127 3390 Jussus
1138 3316 1171 3362 es
1184 3295 1334 3375 Domine,

267 3387 309 3466 U
328 3389 412 3459 retia
423 3393 544 3485 judicia
564 3407 633 3465 rua.

348 3478 586 3561 'I'rr'bulau'ones
602 3488 641 3565 (9
658 3484 854 3579 necefflrares
875 3495 1073 3562 inuenerunt
1089 3515 1153 3561 me:
1178 3477 1332 3582 mandate

270 3603 328 3662 iun
347 3590 507 3659 meditatio
524 3616 588 3659 mea
596 3589 664 3684 efl,
690 3584 773 3682 Dc]
802 3588 910 3687 Quasl
926 3611 994 3664 nos
1018 3592 1206 3683 exquirant
1223 3594 1335 3665 tribu·
1414 3606 1421 3622 '

268 3689 425 3764 lotiones
441 3688 729 3772 &neceffitates‚
747 3690 814 3761 ait:
845 3694 1113 3764 invenernnrme
1147 3692 1219 3765 Vel
1235 3690 1335 3765 forte
1417 3713 1419 3717 ·

270 3790 522 3873 tribulationes
541 3789 753 3862 dicuntur
730 3810 782 3882 ιι,
819 3794 878 3881 qui
896 3788 1088 3883 tribulant,
1113 3785 1334 3866 necesitates
1358 3856 1361 3862 .
1400 3821 1403 3834 =

270 3909 364 3961 vero
381 3889 427 3980 ii,
456 3890 514 3985 qui
534 3888 609 3962 illes
628 3887 799 3966 inferunt.
851 3888 954 3963 Solet
975 3891 1066 3963 enim
1082 3889 1253 3985 scnpturn
1274 3890 1337 3968 ha·

268 3988 364 4065 bitus
382 3988 566 4065 nominare
583 4009 653 4086 pro
672 3983 746 4089 iis,
781 3988 841 4084 qui
861 3989 943 4081 illes
967 3988 1145 4067 habent(
1163 3988 1222 4063 Sic
1237 4006 1334 4159 ειέιιῃ

1182 4106 1266 4185 suu

249 4333 334 4390 (μ’.
351 4329 381 4390 ι(
391 4327 413 4390 ι’
440 4355 443 4360 ·
