3242 4609
361 277 365 290 '
426 261 1129 422 tt·tncun1ursntups.
1174 264 1180 287 '
1215 391 1218 404 s
1251 320 1340 398 ..„

210 457 276 541 i'ssut
289 461 382 539 licut
403 462 504 560 oleru
521 463 712 541 herbarum
734 462 812 539 cito
831 461 984 541 decidat.-
1034 460 1085 538 Et
1107 456 1303 560 secundum

211 565 426 659 simplicem
442 563 584 654 quidem
598 557 966 656 litermiut'elletrum,
991 583 1066 638 non
1079 564 1233 639 temulari
1248 565 1302 641 in·

232 680 291 739 ter
307 666 546 759 malignantes
561 662 635 737 hoc
650 662 797 739 videtur
816 662 986 758 indicari,
1012 666 1059 737 ne
1073 665 1169 738 inter
1184 664 1302 740 melos

187 779 189 784 ’
234 759 454 858 &pellimus
475 762 641 839 homines
665 762 852 840 aerntrlctor
877 763 954 857 quit
979 764 1140 847 melitite,
1166 762 1302 857 idest,

234 865 308 939 dux
328 865 363 936 &
375 862 501 944 tucior
514 860 661 959 existet,
687 867 838 938 &velut
850 859 1003 940 sormam
1022 863 1145 961 flagitii
1161 866 1302 938 caetetis

187 1021 191 1054 ‚
234 968 412 1059 prebens.
461 957 636 1038 AErnultri
655 981 750 1037 uero
768 984 863 1057 eor,
896 962 957 1056 qui
982 962 1120 1037 faciunt
1136 962 1303 1056 iniquita·

235 1079 335 1159 tent,
361 1061 448 1136 illud
470 1065 547 1155 est,
574 1063 599 1139 ii
622 1064 782 1141 imitetur
801 1067 903 1158 quis,
930 1060 1094 1137 &discat
1114 1082 1220 1162 agere
1234 1062 1301 1136 ini·

235 1183 316 1256 que.
368 1161 419 1236 Et
435 1163 508 1236 boc
526 1160 577 1237 est
598 1163 636 1237 in
659 1178 845 1257 utroque,
873 1161 972 1256 quod
990 1161 1148 1258 dicitur,
1174 1178 1216 1236 ut
1235 1182 1302 1237 ne·

234 1283 304 1354 que
327 1267 532 1355 exemplum
554 1261 695 1338 militiae
713 1265 851 1338 caeteris
877 1266 1057 1357 ptaebeas,
1083 1281 1202 1354 neque
1225 1258 1300 1357 ipse

235 1365 387 1435 aliorum
411 1365 587 1438 malorum
603 1358 756 1456 sequaris
777 1362 952 1455 exempla.
1002 1361 1142 1435 Verum
1163 1377 1207 1433 ut
1225 1359 1302 1456 pib-

219 1466 343 1555 nius,
383 1462 467 1553 quid
491 1464 597 1538 etiarn
618 1460 829 1537 intrinsecus
851 1460 967 1536 sermo
994 1459 1058 1535 iste
1082 1462 1300 1555 contineat,
1325 1499 1337 1560 g

235 1559 488 1659 agnoscamus,
514 1565 738 1637 conveniens
758 1578 849 1658 puto
866 1560 1036 1636 adbibere
1058 1560 1102 1634 de
1117 1559 1300 1655 scripturis
1314 1602 1333 1618 -

187 1655 189 1670 “
236 1661 366 1735 divinis
383 1661 493 1736 sicubi
507 1664 605 1736 hunc
618 1662 1040 1738 sermoneminvenimus
1057 1659 1247 1755 scriptum,
1263 1660 1300 1735 tlt
1384 1736 1387 1742 ,

187 1827 189 1838 .
234 1760 447 1854 spiritalibus
461 1755 871 1857 spiritaliacomparare,
887 1775 959 1855 ut,
987 1758 1070 1855 quid
1083 1780 1147 1853 per
1159 1760 1235 1835 haec
1244 1760 1300 1834 in·

191 1925 195 1930 .
235 1862 394 1956 dicetur,
420 1854 624 1937 evidentius
646 1875 779 1960 pateat.
837 1861 1016 1957 Scriptum
1036 1859 1141 1933 estin
1162 1860 1300 1935 Deute-

233 1961 424 2035 ronomio:
453 1963 557 2059 Ipstin
571 1966 739 2035 ulumme
754 1968 1001 2035 concitaverunt
1014 1967 1126 2041 innon
1147 1967 1232 2046 Deo,
1259 1961 1300 2033 at

234 2064 316 2132 iram
332 2086 378 2133 me
392 2071 636 2135 concitaverunt
650 2068 688 2135 in
702 2059 795 2135 idolis
803 2066 894 2154 luit,
921 2060 961 2139 U
977 2086 1025 2156 ego
1039 2066 1075 2130 in
1088 2060 1193 2132 zelum
1202 2062 1300 2131 addu-

218 2185 300 2232 mm
320 2183 368 2237 tot
390 2166 428 2254 in
448 2173 663 2258 inungentem.
712 2160 785 2238 Hit
800 2161 863 2239 ubi
882 2162 993 2235 latine
1010 2160 1163 2252 dicitur,
1189 2163 1227 2231 in
1239 2184 1298 2232 ze·

233 2261 301 2331 lum
313 2260 519 2332 'adduxerunt
533 2286 599 2350 me,
624 2264 663 2341 (5
680 2288 729 2358 ego
746 2270 781 2333 in
799 2264 1095 2341 triumuiratum,
1124 2262 1159 2332 in
1177 2278 1298 2357 graeco

232 2359 326 2435 idem
346 2357 418 2456 ipse
434 2355 550 2436 sermo
564 2358 634 2456 est,
659 2364 720 2458 qui
738 2360 818 2438 &in
839 2359 959 2458 psalmi
975 2361 1081 2435 initio
1096 2356 1147 2433 est
1161 2356 1300 2455 ditius,

231 2458 351 2554 idest,
369 2458 522 2535 aernulati
536 2457 617 2536 sunt
630 2482 708 2556 me,
725 2461 758 2534 bt
775 2483 844 2552 ego
857 2461 1136 2543 emuleboreos.
1164 2463 1301 2557 Quam·

233 2562 288 2634 vis
304 2554 422 2635 sermo
441 2559 514 2657 ipse
532 2581 690 2659 graetus,
715 2551 843 2641 idest,
867 2553 1144 2661 παρεζηλωσαν,
1170 2555 1298 2654 signifi·
1342 2602 1346 2612 ι

236 2660 374 2736 cantius
393 2661 431 2735 in
445 2662 560 2736 latinu
579 2662 728 2757 exprimi
746 2660 935 2755 videatur,
962 2660 986 2734 s1
1003 2661 1158 2733 dicamus
1184 2664 1298 2728 irrita·

233 2778 360 2832 verunt
375 2786 440 2847 me,
465 2761 559 2836 idem
574 2776 694 2837 tamen
709 2758 783 2856 ipse
798 2757 985 2836 estsermo;
1019 2758 1089 2833 Sed
1101 2756 1135 2829 ἃ
1148 2756 1184 2829 in
1196 2754 1299 2851 Apo·

224 2857 331 2936 ‘stolo
347 2857 516 2956 scriptum
532 2858 602 2936 est:
626 2865 683 2957 Art
692 2862 877 2934 aemulamur
896 2853 1095 2934 Dominum?
1125 2855 1298 2957 Numquid

219 2989 223 2996 ·
231 2961 384 3056 fortiores
406 2964 457 3032 illo
473 2957 607 3049 sumus?
636 2957 766 3036 Etubi
784 2959 960 3054 habetur,
986 2962 1167 3034 emulantur
1185 2962 1297 3029 Domi·
1416 3019 1418 3031 .

234 3086 330 3148 num,
344 3059 381 3134 in
395 3060 603 3153 quibusdan
618 3062 906 3156 exemplaribus,
921 3068 1091 3133 irritamus
1112 3063 1296 3147 nominum,

235 3159 482 3256 scriptumest.
533 3157 590 3235 Ex
605 3163 732 3253 quibus
748 3161 916 3238 omnibus
934 3159 1144 3235 testimoniis
1162 3157 1297 3231 indica·

235 3275 316 3355 tur,
341 3259 604 3354 quodaemulari
619 3261 789 3355 aliquem,
816 3260 956 3335 irritare
970 3283 1049 3335 eum
1064 3257 1138 3343 esi,
1166 3257 1298 3359 &pru-

236 3377 392 3452 voctre:
405 3373 460 3434 'ut
475 3362 578 3436 verbi
595 3357 715 3452 causa,
730 3360 826 3435 sitali
837 3373 980 3436 utamur
998 3360 1177 3452 exemplo,
1204 3357 1297 3433 Sunt

237 3460 394 3555 quadam
411 3461 577 3536 mulieres
587 3460 793 3555 impudicae,
819 3458 1036 3554 &nequam
1064 3481 1141 3556 quae
1159 3458 1296 3532 srforte

235 3562 339 3635 viros
362 3563 403 3634 in·
421 3560 556 3644 amoris,
571 3558 699 3635 sttrtivi
713 3560 892 3635 illecebris
913 3560 1102 3653 ceperint,
1128 3556 1296 3652 processu

218 3657 1296 3758 ·temporitoccultisnoncontentaeflag'itiis,,voluntetiam

235 3762 376 3856 pudicit
398 3757 611 3859 conjugibus
624 3758 874 3856 innotescere,
899 3761 998 3851 quod
1011 3764 1054 3834 ab
1073 3777 1192 3837 earum
1205 3760 1295 3829 viris

187 3951 189 3960 Ι
237 3876 423 3955 amentur,
449 3871 491 3933 ut
512 3881 558 3936 ex
580 3861 654 3936 hoc
668 3862 705 3935 in
729 3864 848 3937 zelum
870 3859 1053 3951 excitent,
1080 3858 1295 3948 minuent,

187 3965 192 4066 l
235 3958 507 4059 reperturbent
520 3960 654 4037 tuente
672 3961 816 4143 mffs'
866 3959 904 4037 si
920 3960 1129 4038 intellexisti
1138 3955 1317 4075 euempli·
1359 4003 1365 4016 ·

266 4103 294 4112 ·-
360 4085 364 4092 ·
803 4088 826 4147 2
889 4107 892 4120 ι
1145 4070 1273 4135 untu-
