3242 4609
265 391 272 397 .
448 313 731 397 SELECTA
755 315 821 396 IN
845 316 1143 418 PSALMOS.
1259 319 1327 404 161

347 478 526 581 Ejusdem]
552 479 714 555 Calamus
730 478 852 556 scribae
863 482 1255 580 velociteridribentis,
1270 473 1326 565 'est

267 582 615 679 imguaffcujuslibet,
642 578 702 673 qui
717 582 803 655 dicit
817 604 927 675 opera
941 581 1000 656 sua
1014 588 1101 680 regi.
1151 583 1246 660 Nam
1265 587 1345 662 bem

265 704 317 759 ne
332 681 394 756 sabi
410 678 594 773 conscius,
621 682 878 774 propriarede
900 682 995 780 gesta
1011 684 1237 780 promulgat3
1263 687 1330 779 qui¹
1405 730 1407 733 -

267 796 389 953 autsem
401 781 492 854 male
504 781 567 853 sabi
576 780 743 856 conscius
762 780 835 877 est,
859 784 889 854 is
904 785 1005 857 lenta
1017 781 1136 879 lingua
1150 785 1225 883 regi
1237 805 1333 880 opeq

266 903 309 956 ra
340 881 494 954 uadicit.
724 905 727 910 ’
1433 880 1445 895 '‘

344 980 496 1075 Speciasus
512 979 621 1073 farma
638 981 793 1076 presidiis
812 982 996 1067 bominum,
1023 978 1108 1076 die]
1134 978 1191 1055 Ex
1204 983 1326 1078 perso·

268 1102 318 1156 ua
339 1079 531 1171 Propheta·
553 1080 629 1153 haee
650 1082 839 1175 dicuntur,
867 1080 968 1173 cujus
988 1079 1112 1178 lingua
1133 1098 1210 1155 erat
1234 1086 1326 1159 cala·

268 1200 348 1256 mus
375 1177 495 1251 scribae
519 1181 698 1254 velociter
719 1179 915 1255 scribentis.
966 1178 1104 1252 Diffusa
1128 1179 1179 1253 est
1205 1198 1326 1259 autem

268 1279 383 1378 gratia
395 1271 433 1350 in
446 1279 545 1354 labiis
562 1280 659 1372 ejus,
685 1278 745 1370 qui
758 1281 916 1355 imitatur
932 1275 1129 1370 Christum,
1156 1278 1325 1374 deipnos·
1432 1302 1437 1314 ‘

267 1392 345 1454 anet
370 1375 528 1469 Christi,
563 1399 637 1452 non
662 1378 773 1460 solum
801 1395 951 1473 propter
979 1377 1160 1453 sermones
1180 1382 1325 1476 gratie,

268 1478 332 1574 qui
347 1475 594 1570 procedebant
609 1478 652 1549 de
671 1480 855 1570 oreejus,
874 1478 940 1578 ,sed
957 1480 1064 1551 etiam
1078 1491 1231 1571 propter
1248 1500 1327 1577 gra·

268 1583 354 1654 tiam
367 1575 568 1649 dimittendi
584 1592 752 1675 peccata,
778 1580 861 1651 dum
881 1578 988 1651 dicit:
1017 1582 1326 1678 Dimoaunrmaa'be'

292 1693 394 1750 eccere
414 1692 481 1745 tua.
756 1733 759 1738 .
1040 1693 1065 1722 '·
1329 1719 1331 1723 ν

266 1700 290 1779 p
347 1776 527 1871 Ejusdem]
563 1772 777 1869 Sapientiam
798 1776 988 1871 spiritalem
1015 1776 1227 1852 &Verbum
1252 1775 1328 1854 Det

269 1887 456 1966 comparat
472 1894 552 1948 cum
565 1871 732 1968 sapientia
747 1879 924 1952 mundana
943 1879 977 1951 dc
995 1879 1113 1951 verbo
1133 1878 1302 1954 humano.

346 1982 510 2065 Accingere
523 1974 625 2065 gladia
641 1996 693 2046 rue
712 1978 802 2073 super
817 1978 927 2069 femur
952 1995 1061 2066 tuum,
1085 1994 1218 2073 potens,
1244 1976 1328 2070 Ua]

269 2076 343 2151 Hic
360 2073 494 2168 gladius
514 2074 663 2147 animam
683 2072 819 2169 separat
843 2100 863 2149 a
881 2076 1035 2170 malitia,
1061 2075 1097 2149 u
1112 2085 1270 2166 mentem
1281 2076 1330 2149 ab

269 2173 491 2270 ignorantia,
526 2193 632 2265 eum,
668 2178 727 2264 qui
748 2188 854 2250 vetus
879 2176 1033 2270 dicitur,
1063 2176 1245 2249 hominem
1269 2174 1330 2249 de·

269 2274 428 2361 struens,
454 2272 488 2341 u
506 2271 640 2345 faciens
659 2292 799 2347 novum
818 2276 857 2347 in
878 2273 1020 2348 Christo
1039 2270 1232 2356 secundum
1246 2276 1331 2348 ima·

270 2376 390 2471 ginem
404 2372 588 2445 creatoris.
780 2463 784 2468 ,
955 2453 957 2458 ,
1355 2385 1361 2405 ²

272 2509 275 2514 ·
350 2470 534 2568 Ejusdem}
557 2466 720 2544 Fortass'e
734 2470 846 2565 femur
862 2470 1065 2563 symbolum
1085 2472 1137 2546 est
1161 2474 1331 2547 nativite-

271 2572 331 2647 tis.
384 2570 495 2666 Quod
515 2590 602 2665 ergo
623 2569 739 2662 dicit,
775 2570 867 2663 quafi
890 2570 1064 2662 ejusmodi
1085 2571 1156 2643 est:
1190 2592 1332 2645 accom-

269 2670 382 2748 moda
396 2668 575 2742 nativitati
586 2684 656 2742 tuae
669 2671 743 2744 vim
754 2671 959 2764 quamdam,
985 2672 1138 2742 tollendi
1151 2671 1331 2748 inimicos.

271 2768 418 2844 Etenim
440 2769 608 2841 nativitas
622 2769 701 2862 Jesu
720 2769 923 2844 manifestus
940 2771 1066 2860 utique
1079 2769 1214 2865 gladius
1228 2766 1332 2843 exsti·

272 2872 320 2943 tit
335 2868 501 2942 adversus
517 2869 681 2943 inimicos
698 2870 785 2961 ejus.
838 2872 912 2944 Vel
927 2868 1019 2941 casta
1042 2866 1192 2942 vivendi
1214 2871 1332 2966 ratio,

273 2990 352 3065 quae
367 2968 480 3042 malos
502 2964 647 3041 affeuus
668 2991 689 3041 e
709 2970 829 3043 medio
849 2969 947 3065 toiiit
959 2973 991 3061 ,ἶ
998 2968 1151 3065 gladium
1171 2971 1334 3067 accinge·

275 3090 317 3141 re
331 3068 462 3140 dicitur
484 3064 587 3160 super
600 3065 716 3140 femur
731 3068 842 3145 suum.
894 3067 1029 3141 Primus
1049 3082 1168 3143 autem
1186 3068 1261 3142 hoc
1282 3068 1334 3143 fe·

272 3170 326 3241 cit
342 3166 460 3260 Jeme,
487 3164 654 3257 quoniam
666 3167 755 3245 nihil
777 3167 814 3240 in
831 3165 972 3240 Christo
986 3166 1056 3240 fuit
1076 3166 1253 3242 remissbm
1271 3181 1335 3243 aut
1389 3231 1391 3236 .

273 3265 490 3342 diffolutum.
547 3264 750 3343 secunaum
778 3268 852 3341 hoe
878 3266 1055 3362 intelliges
1076 3267 1163 3339 iilud
1191 3269 1334 3340 intende.

237 3424 240 3429 .
273 3365 453 3441 Caeterum
466 3363 692 3440 Salvatorem
705 3387 749 3439 ac
762 3365 899 3442 sanstus
909 3366 984 3459 ejus
994 3368 1143 3441 dextera
1157 3366 1262 3461 ipfius
1275 3366 1337 3441 de·

273 3468 386 3542 ducit.
689 3490 691 3495 ·
798 3513 801 3518 «
1325 3505 1328 3510 <

248 3562 251 3566 ’
271 3585 275 3590 ·
355 3561 717 3661 Propterueritatem&
728 3563 1000 3652 mansuetudinem
1011 3562 1052 3642 θ’
1059 3564 1234 3663 justitiam,
1248 3564 1334 3657 Ge]

273 3666 458 3758 Veraces,
484 3665 612 3757 mites,
639 3660 674 3735 dr
682 3663 765 3757 justi
782 3678 955 3763 reguntur
973 3686 992 3737 a
1011 3663 1163 3739 Christo.
1216 3666 1264 3736 Er
1280 3665 1335 3734 de·

272 3768 365 3838 dacer
383 3781 415 3835 ae
436 3765 629 3842 mirabiliter
640 3765 768 3836 dextera
787 3783 858 3837 rua.
909 3764 1072 3839 Dextera
1087 3764 1159 3839 Dei
1173 3762 1224 3839 est
1232 3761 1336 3835 Deus

273 3864 461 3954 Verbum,
487 3863 586 3953 quod
606 3862 741 3955 inipso
762 3864 824 3939 est.
1011 3859 1014 3864 ’

323 4065 472 4161 origenis
500 4009 589 4138 Tam.
618 3994 729 4167 Vlia·
922 3985 1002 4146 [ι
1187 4059 1310 4151 305ἱὶἴῖ
1432 4052 1435 4058 ¹
